1766 2820
746 136 1005 176 ,18-

326 239 496 278 Priorum
533 240 779 287 interpretum
813 240 917 277 varia
954 239 1162 287 explicandi
1199 240 1364 287 pericula
1403 238 1572 284 uberius,

192 311 234 345 ut
259 307 371 355 solet,
398 306 468 345 sed
493 311 617 353 recte,
644 309 684 343 ut
711 306 799 343 mihi
828 307 1002 351 videtur,
1030 307 1166 345 reiecit
1193 308 1318 355 Poppo
1347 318 1418 345 nec
1447 311 1571 344 tamen

192 375 274 422 ipse
300 372 556 421 probabiliora
582 382 810 420 proponens.
870 372 974 409 Putat
1001 373 1121 418 enim,
1158 376 1244 421 post
1271 367 1469 419 ὀνομάτων
1495 381 1569 420 ge·-

194 440 360 476 netivum
396 440 472 475 τῶν
499 438 696 477 articulum
732 437 944 485 excidisse,
986 437 1122 475 deinde
1163 438 1239 475 τῶν
1275 434 1493 484 ἑμαστοχοῦ
1520 458 1570 464 —-

192 517 294 547 τινος
339 505 453 542 verba
493 504 660 551 pendere
689 515 737 540 ex
762 499 1028 551 ἀπαρίθμησιν
1054 504 1194 551 ευῦεῑ.,
1222 504 1386 552 denique
1413 500 1570 550 ἇπαριθ.

193 581 242 609 ex
263 571 461 620 superiore
489 569 583 607 κατά
614 570 922 619 praepositione,
952 570 1024 607 hoc
1052 570 1164 608 modo
1193 571 1415 609 sententiam
1442 570 1573 618 expri-

192 647 318 676 mens:
346 641 517 684 „spectet
544 642 669 674 autem
696 637 832 685 aliquis
861 636 1069 674 secundum
1105 641 1274 686 tempora
1317 640 1355 674 et
1381 647 1457 674 non
1485 638 1571 681 (se-

193 704 380 749 cundum)
409 714 540 743 eorum
568 704 633 751 qui
660 703 820 753 singuiis
848 704 886 740 in
906 703 1113 741 civitatibus
1140 707 1203 742 aut
1229 704 1467 753 magistratus
1497 714 1573 752 ge-

191 775 283 809 runt
308 774 373 809 aut
399 771 526 821 aliquo
547 770 693 810 honore
711 770 934 819 funguntur,
964 771 1295 816 enumerationem,
1324 781 1419 818 quae
1447 780 1572 807 rerum

193 841 282 876 ante
309 840 502 887 gestarum
530 840 643 875 notae
669 837 758 882 sint,
788 836 907 884 magis
935 836 1096 884 (potius)
1123 835 1232 873 tidem
1257 835 1433 874 habens.“

323 903 370 940 Ut
396 907 555 949 taceam,
583 899 790 946 πιστεύσας
819 902 1054 949 participium
1094 913 1172 940 non
1195 902 1336 940 habere
1363 912 1439 949 quo
1466 902 1572 939 refe-

191 973 309 1016 ratur,
339 980 448 1017 quam
486 968 579 1006 dura
607 972 645 1005 et
672 971 845 1006 contorta
872 969 922 1005 sit
946 971 1024 1007 tota
1053 968 1145 1007 haec
1172 969 1282 1015 ratio,
1312 969 1572 1017 unusquisque

193 1036 307 1074 videt.

324 1103 445 1149 Quum
488 1102 602 1152 igitur
647 1111 757 1139 nemo
804 1101 925 1138 adhuc
971 1101 1142 1140 idoneam
1178 1111 1293 1141 verae
1335 1102 1571 1153 indagandae

191 1170 402 1220 scripturae
431 1170 529 1208 viam
556 1169 788 1217 patefecerit,
804 1170 876 1206 iam
892 1169 993 1215 vide,
1021 1169 1211 1217 quomodo
1232 1179 1304 1218 ego
1332 1169 1572 1207 coniectandi

192 1247 347 1275 munere
375 1235 599 1283 perfunctus
628 1236 707 1273 sim.

323 1302 484 1340 Primum
512 1305 597 1339 ante
624 1301 699 1337 τῶν
727 1301 934 1338 articulum
954 1313 1006 1349 τῳ
1033 1312 1244 1350 pronomen
1278 1303 1456 1339 omissum
1485 1313 1570 1340 esse

196 1370 395 1417 suspicor;
439 1365 595 1404 Tel:
619 1365 755 1412 ΤΩΝ,·
783 1371 858 1405 tum
892 1368 1035 1404 librarii
1072 1378 1207 1405 errore
1250 1368 1374 1414 ducti,
1413 1379 1497 1405 cum
1533 1370 1571 1406 in

198 1433 373 1482 σημαίνω
401 1434 518 1471 verbo
546 1433 703 1470 activam
723 1434 795 1470 vim
822 1434 950 1471 inesse
964 1438 1151 1483 ‘putarent
1177 1435 1258 1473 sive
1287 1435 1356 1472 alia
1385 1435 1432 1472 de
1460 1446 1574 1474 causa

193 1496 462 1547 ἀπαρίθμησιν
502 1500 755 1538 accusativum
790 1511 861 1548 pro
900 1496 1160 1547 ἀπαριθμήσει
1187 1501 1312 1540 dativo
1338 1501 1434 1539 falso
1472 1503 1572 1538 scri-

191 1565 313 1613 psisse
345 1564 582 1603 existimandi
618 1569 723 1603 sunt:
761 1566 861 1614 quod
890 1566 1039 1615 quidem
1067 1567 1100 1604 si
1127 1567 1341 1605 restitueris
1370 1571 1480 1616 atque
1520 1581 1571 1619 τῳ

184 1632 284 1679 jllud
313 1633 350 1668 in
380 1632 700 1668 continuationem
728 1633 932 1669 verborum
955 1634 1162 1681 receperis,
1189 1634 1344 1671 habebis
1372 1634 1469 1673 hanc
1497 1645 1572 1673 non

196 1700 267 1742 iam
296 1698 528 1739 laborantem
556 1700 768 1738 sententiae
793 1698 965 1738 formam:

322 1787 372 1792 —
392 1764 458 1801 καί
487 1763 541 1812 μὴ
581 1778 641 1815 τῳ
669 1766 761 1801 τῶν
788 1762 1005 1813 ἑκαστοχοῦ
1034 1761 1056 1813 ἢ
1084 1760 1280 1815 ἀρχόντων
1306 1764 1331 1815 ἢ
1357 1765 1431 1805 ἀπὸ
1460 1770 1572 1817 τιμῆς

191 1845 293 1875 τινος
320 1832 378 1881 τῇ
406 1824 747 1879 ἀπαριθμήσει
774 1832 850 1868 τῶν
874 1825 1078 1878 ὄνομιᾶτων
1104 1829 1179 1871 κτὲ.

322 1902 491 1946 „spectet
519 1904 641 1936 autem
671 1899 806 1947 aliquis
831 1899 1041 1936 secundum
1069 1904 1237 1948 tempora
1266 1913 1363 1939 neve
1398 1904 1571 1950 cuiquam

193 1976 338 2012 eorum,
367 1966 429 2012 qui
459 1965 617 2014 singulis
651 1966 690 2002 in
726 1965 938 2003 civitatibus
978 1969 1041 2002 aut
1075 1967 1313 2017 magistratus
1346 1974 1481 2019 gerant
1509 1974 1572 2008 aut

193 2032 319 2080 aliquo
346 2031 494 2070 honore
522 2031 727 2079 fungentes
764 2032 1052 2068 enumeratione
1088 2034 1280 2071 nominum
1313 2034 1370 2071 ad.
1388 2046 1451 2072 res
1486 2040 1571 2072 ante

191 2101 324 2147 gestas
352 2098 461 2147 signa
487 2096 662 2144 offerant,
691 2097 809 2146 magis
838 2097 947 2134 fidem
976 2097 1154 2135 habens.“

322 2163 416 2201 Vide
444 2164 562 2202 schol.
604 2174 635 2201 s.
675 2176 710 2201 v.
740 2161 1021 2211 σημαινόντων]
1069 2165 1264 2212 σημασίαν
1300 2166 1366 2204 καί
1404 2167 1573 2215 δήλωσιν

193 2226 386 2266 διδόντων.
