1766 2820
718 114 974 155 -29-

166 220 411 270 sic'legatur‚
451 223 492 257 ut
518 219 589 257 vim
617 220 792 267 accipiat:
833 218 1030 266 „etiam.“
1062 240 1104 245 —-
1136 217 1370 267 Quapropter
1406 219 1531 267 Poppo

146 280 234 323 ’καί
253 290 348 335 part.
384 289 594 335 suspectam
631 295 718 323 esse
756 285 888 325 credit.
945 285 1072 333 Itaque
1109 295 1178 322 nos
1216 286 1405 323 nescimus
1442 284 1531 333 quid

164 352 236 390 hac
264 352 532 390 coniunctione
558 351 738 389 faciamus
748 365 759 399 ;
788 354 1009 401 quamquam
1045 351 1173 389 delere
1201 363 1280 388 eam
1309 352 1432 390 invitis
1461 362 1532 390 co-

167 418 310 456 dicibus
338 420 420 456 sine
447 419 585 456 idonea
611 419 758 456 ratione
786 422 845 456 est
872 418 1014 456 nodum
1039 418 1278 468 perfringere
1306 429 1383 456 non
1411 430 1531 468 expe-

163 485 256 523 dire.
311 484 436 531 Quid?
463 485 498 523 si
525 484 742 523 exhibeatur
768 480 973 528 δικαίως
999 478 1437 532 ἅναμαχούμενοιὲ
1484 496 1532 522 ex

163 551 234 587 hac
260 551 560 597 ratiocinatione,
586 554 628 588 ut
654 547 810 592 δικαίως
837 550 1008 588 adverbii
1034 551 1200 599 priorem
1226 555 1370 600 partem
1389 564 1410 589 a
1435 563 1531 600 pro-

162 617 260 654 xima
289 617 423 665 στῆναι
447 617 554 655 verbi
573 617 784 665 absorptam
803 627 890 655 esse
916 618 1173 666 mansisseque
1192 618 1351 665 accipias
1371 631 1531 665 καιως,

162 683 264 731 quod
303 682 499 731 postmodo
539 684 774 721 secreverint
808 684 847 721 in
882 683 947 720 καί
982 682 1045 727 ὡς.
1084 704 1137 711 -
1174 684 1349 721 Ceterum
1376 682 1532 727 δικαίως

163 749 383 788 adverbium
418 750 457 787 in
491 760 560 788 suo
595 750 681 788 loco
718 760 803 787 esse
842 750 972 788 melius
999 750 1219 800 intelleges,
1260 751 1293 788 si
1318 751 1532 799 respexeris

163 828 244 855 earn
270 827 367 864 quae
408 817 601 864 praecedit
638 818 880 854 sententiam:
926 813 994 852 καί
1018 815 1059 852 τὸ
1088 816 1156 863 τῆς
1187 816 1302 864 τύχης
1343 812 1413 853 κᾶν
1447 819 1535 862 μεθ’

164 878 273 930 ἡμῶν
298 880 521 925 ἐλπίσαντες
549 882 679 929 στῆναι
689 895 700 929 ;
740 893 889 920 causam
924 883 1021 919 enim
1054 883 1244 929 continet,
1282 894 1351 920 cur
1376 894 1532 932 sperare

168 949 280 987 liceat
306 952 346 986 ut
371 937 523 986 fortuna
565 959 648 985 cum
683 949 772 996 ipsis
800 952 883 987 stet.
923 949 970 985 cf.
996 949 1040 994 V,
1074 949 1158 988 104.
1186 969 1236 975 -
1265 945 1369 995 ὅμως
1397 948 1439 985 δὲ
1465 961 1533 984 πι-

163 1012 344 1061 στεύομεν
370 1014 426 1064 τῇ
451 1004 546 1061 μ’ὲν
573 1011 694 1065 τύχῃ
734 1012 784 1049 ἐκ
811 1013 900 1049 τοῦ
942 1011 1095 1051 θείου
1140 1015 1194 1061 μῆ
1222 1011 1531 1059 ἐλασσώσεσθαι,

163 1074 224 1115 ὅτι
251 1077 353 1117 ὅσιοι
380 1081 477 1129 πρὸς
504 1077 557 1115 οὗ
586 1079 825 1124 δικαίους
852 1078 1038 1128 ἱστάμεθα
1065 1077 1139 1118 κτὲ.

293 1146 368 1185 Sed
394 1147 550 1184 ulterius
578 1152 635 1184 est
662 1146 819 1185 forsitan
837 1146 1165 1197 progrediendum.
1194 1168 1247 1175 -·
1271 1146 1363 1184 Nam
1389 1147 1531 1185 haereo

161 1213 250 1249 item
278 1213 314 1251 in
341 1208 648 1261 ἇναμαχούμενοι
674 1215 871 1263 participio
892 1243 903 1261 ,
947 1224 1015 1262 pro
1057 1224 1131 1262 quo
1159 1214 1385 1251 substituere
1411 1214 1531 1251 malim

161 1273 217 1315 ἂν
239 1276 577 1325 μαχούμενοι,
616 1281 771 1328 primum
799 1280 900 1328 quod
927 1281 1085 1328 simplex
1111 1280 1265 1317 verbum
1301 1281 1431 1317 sensui
1459 1280 1531 1317 ad-

163 1346 433 1383 commodatius
462 1357 547 1384 esse
574 1346 745 1394 videtur,
792 1346 927 1384 deinde
968 1351 1091 1384 autem
1125 1346 1224 1395 quod
1251 1343 1532 1393 ἀναμαχεῖσθαι

164 1412 407 1459 compositum
434 1423 616 1460 nusquam
643 1414 728 1450 alibi
755 1414 793 1450 in
820 1417 900 1451 toto
928 1413 1144 1463 Thucydide
1171 1413 1330 1461 legitur,
1371 1412 1432 1447 cui
1467 1414 1530 1447 ta-

162 1488 249 1516 men
287 1478 420 1529 negari
461 1479 592 1529 nequit
635 1479 868 1529 frequentem
910 1480 1031 1518 datam
1071 1490 1156 1517 esse
1192 1478 1432 1517 occasionem
1457 1477 1531 1515 hoc

165 1546 283 1582 verbo
309 1546 450 1590 utendi,
478 1547 669 1583 rarissime
698 1548 808 1584 etiam
835 1547 934 1596 apud
961 1547 1054 1585 alios
1079 1545 1250 1584 eiusdem
1269 1546 1402 1583 aetatis
1428 1545 1531 1582 scri-

166 1614 308 1660 ptores.

293 1678 349 1715 De
375 1679 579 1726 participiis
606 1679 726 1716 altero
754 1680 866 1723 alteri,
889 1681 973 1717 sine
1000 1681 1132 1728 copula
1168 1679 1351 1717 adiunctis
1380 1678 1531 1716 adeun-

165 1744 235 1784 dus
261 1745 445 1796 Krueger.
472 1757 625 1797 gramm.
654 1751 691 1793 s.
718 1745 783 1796 56,
813 1746 860 1787 15
887 1757 991 1796 seqq.

683 2151 819 2208 V111,
853 2152 938 2208 34,
976 2152 1015 2198 1.

291 2273 352 2314 Ἐν
376 2274 498 2327 τούτῳ
525 2275 568 2313 δὲ
594 2275 660 2313 καὶ
684 2274 708 2325 ἦ
734 2276 810 2313 τῶν
831 2271 1046 2326 Ἀθηναὼον
1083 2273 1243 2325 στρατιὰ
1278 2280 1360 2321 ταῖς
1397 2274 1533 2313 ναυσίν

168 2344 210 2382 ἐκ
237 2344 307 2381 τοῦ
336 2340 529 2394 Κωρύκου
553 2341 809 2393 περιπλέουσαι
844 2347 923 2380 κατ’
946 2340 1122 2393 ’Λργῖνον
1159 2341 1393 2394 ἐπιτυγχάνει
1427 2341 1535 2391 τρισὶ

165 2410 282 2447 ναυσὶ
304 2410 381 2446 τῶν
407 2409 519 2447 Χίων
544 2413 708 2458 μακραῖς
736 2407 801 2446 καί
825 2405 951 2457 ὥσπερ
981 2408 1122 2454 ἰδόντες
1148 2409 1364 2448 ἐπεδίωκον,
