1766 2820
722 78 973 117 „15-

165 185 238 220 tem
266 184 410 232 sperari
438 193 559 231 posse.
607 184 683 227 Qua
708 182 880 219 Reiskius
910 193 998 219 usus
1029 186 1085 218 est
1114 184 1149 218 et
1168 181 1403 230 Kruegerus:
1434 194 1524 220 neu-

169 253 229 285 ter
274 250 350 285 ullo
393 259 474 285 cum
511 258 700 285 successu.
762 248 852 284 Nam
892 248 952 283 ille
978 246 1029 294 μὴ
1059 248 1281 284 vocabulum
1310 251 1462 285 mutavit
1491 251 1526 285 in

163 316 242 362 τῆς,
280 314 377 362 quod
402 313 588 362 quomodo
617 314 697 350 fieri
724 314 841 361 possit
867 314 948 350 sine
983 324 1114 361 magna
1152 313 1324 354 audacia,
1365 315 1527 350 nonin-

169 380 329 429 tellego;
358 381 574 430 Kruegerus
595 379 789 416 delendam
817 380 961 416 censuit
977 381 1082 415 istam
1107 389 1247 424 vocem,
1278 385 1313 416 et
1341 380 1418 427 ipse
1446 381 1526 416 sine

164 445 300 482 idonea
328 455 450 483 causa.
482 466 530 471 —
566 447 690 493 Atque
719 445 819 492 quod
847 445 898 481 illi
926 446 997 481 viri
1026 444 1228 491 explicant:
1260 448 1320 489 „et
1347 445 1427 480 sine
1455 445 1526 480 de-

164 512 355 559 spicientia
378 517 540 560 propter
574 512 617 548 id
640 512 742 559 quod
770 516 866 547 esset
895 507 984 554 [ἀπὸ
1015 510 1084 547 τοῦ
1112 505 1233 555 ὄντος]
1255 538 1266 553 ,
1309 521 1395 546 num
1437 510 1523 546 talia

165 588 212 615 ex
236 578 369 615 talibus
396 578 520 615 verbis
547 588 679 615 eruere
706 577 831 622 liceat,
860 587 973 625 aegre
1002 575 1231 613 crediderim.

297 643 476 680 Relictum
504 647 560 679 est
586 644 699 692 igitur
732 644 839 679 nobis
875 653 1008 679 munus
1039 643 1191 680 arduum
1220 645 1311 680 mire
1341 643 1522 679 obscura-

168 713 228 745 tae
263 710 470 746 sententiae
508 709 629 745 lucem
666 708 845 745 afferendi
887 719 953 755 pro
1000 709 1107 745 virili.
1175 713 1295 756 Atque
1336 713 1376 744 ut
1404 709 1521 744 dicam

166 774 265 821 quod
292 775 410 811 sentio
439 776 509 811 iam
538 774 822 822 desperaveram
860 774 906 810 de
951 774 1206 820 recuperanda
1233 774 1395 822 genuina
1423 775 1522 809 scri-

164 844 272 889 ptura
299 840 363 877 diu
397 841 623 888 multumque
648 841 828 877 tritissimi
856 841 928 876 loci
978 844 1144 876 naturam
1174 851 1216 876 ac
1243 841 1313 876 vim
1342 850 1525 887 quaenam

170 910 272 943 esset
299 917 442 943 mecum
479 906 737 953 considerans,
767 917 848 942 cuin
876 906 995 942 subito
1025 906 1109 942 mihi
1137 906 1272 953 aliquid
1300 907 1336 941 in
1365 910 1525 942 mentem

165 972 269 1009 venit
296 972 394 1019 quod
422 972 518 1009 haud
546 973 706 1019 ineptum
744 982 828 1008 esse
855 973 969 1007 nexui
997 973 1262 1007 sententiarum
1290 975 1329 1007 ut
1347 972 1385 1008 fit
1403 973 1523 1007 statim

165 1038 251 1075 mihi
268 1031 491 1085 persuadeo.
528 1038 621 1082 Quid
641 1038 781 1087 igitur?
810 1038 969 1074 mutilata
988 1042 1072 1074 sunt
1091 1038 1187 1074 haud
1217 1038 1329 1074 dubie
1356 1030 1431 1073 ἀπό
1459 1039 1525 1073 τοῦ

168 1099 277 1145 ὄντος
305 1104 437 1141 verba:
479 1114 597 1151 neque
633 1104 731 1139 aliud
760 1104 983 1139 exarandum
1021 1107 1076 1139 est
1103 1105 1192 1139 nisi:
1229 1099 1418 1149 ἀπόρου
1446 1116 1525 1139 του

166 1162 324 1214 ὄντος,
351 1169 405 1205 sic
431 1169 579 1216 quidem
606 1172 645 1205 ut
672 1173 756 1205 ante
784 1180 851 1202 του
878 1170 1117 1217 genetivum,
1158 1168 1192 1204 id
1222 1169 1321 1216 quod
1350 1169 1521 1205 facillime

168 1234 250 1272 fieri
276 1236 444 1282 potuisse
481 1245 588 1271 nemo
634 1235 808 1283 negabit,
855 1235 1041 1271 excidisse
1068 1239 1204 1271 statuas
1235 1249 1301 1283 ρον
1328 1236 1520 1282 syllabam,

168 1310 243 1349 quo
280 1300 427 1349 quidem
461 1301 592 1337 seduci
637 1311 681 1336 eo
719 1302 836 1348 magis
871 1304 1015 1347 poterat
1050 1301 1173 1337 scriba
1203 1301 1347 1348 quidam
1376 1302 1521 1347 stultus,

166 1366 460 1414 quandoquidem
496 1366 697 1402 collatione
733 1366 900 1403 similium
930 1366 1076 1403 dicendi
1103 1377 1306 1414 generum:
1351 1363 1424 1400 ἀπὸ
1454 1365 1523 1402 τοῦ

163 1430 408 1481 πραφανοῦς,
453 1429 525 1468 ἀπὸ
565 1430 636 1466 τοῦ
662 1428 829 1478 ἀληθοῦς
863 1432 973 1468 facile
1016 1433 1099 1479 quis
1137 1436 1326 1477 movetur,
1372 1435 1412 1467 ut
1447 1427 1520 1466 ἀπὸ

162 1495 231 1534 τοῦ
257 1490 364 1538 ὄντος
388 1496 587 1533 dictionem
615 1500 717 1533 certa
745 1496 898 1545 quadem
927 1498 1198 1545 significatione
1225 1498 1428 1545 praeditam
1455 1507 1522 1544 per

163 1574 206 1600 se
233 1562 481 1611 accipiendam
510 1573 594 1599 esse
623 1568 785 1600 censeat.

292 1629 432 1675 Accipe
470 1629 540 1665 iam
576 1630 776 1665 verborum
819 1630 1002 1665 sinceram
1040 1631 1223 1676 speciem,
1273 1641 1384 1681 quam
1425 1630 1519 1666 infra

166 1694 320 1741 scripsi:
349 1716 398 1722 —-
427 1689 495 1729 οὗκ
530 1688 576 1728 ἄν
615 1690 738 1743 ἡγεῖτο
772 1693 921 1740 μᾶλλον
949 1695 1206 1742 περιγενέσθαι
1236 1690 1256 1740 ἢ
1283 1692 1370 1731 ἄνευ
1398 1692 1521 1742 προό-

163 1757 266 1805 ψεώς
292 1772 330 1794 τε
357 1757 481 1795 αὐτῶν
508 1757 573 1793 καί
596 1756 650 1806 μὴ
677 1754 824 1807 ἀπόρου
852 1773 918 1795 του
947 1754 1054 1801 ὄντος
1082 1758 1404 1807 καταφρονήσεως.

291 1846 361 1871 ,,-
400 1824 584 1862 difficilius
624 1826 775 1872 putabat
814 1836 856 1862 se
893 1826 1074 1862 victurum
1112 1836 1197 1862 esse
1237 1836 1346 1872 quarn
1383 1826 1415 1862 si
1444 1836 1518 1861 non

166 1894 389 1938 conspectus
418 1894 530 1936 esset,
558 1900 699 1938 neque,
726 1891 851 1939 inopia
878 1890 1036 1938 quadem
1072 1890 1276 1934 [hostibus]
1306 1890 1520 1938 adparente,

166 1958 202 1993 in
231 1958 537 2003 contemptionem
561 1957 766 1994 venisset“.

294 2022 466 2060 Brasidas
495 2026 601 2058 antea
629 2023 780 2059 nolebat
808 2024 986 2070 conspici,
1015 2034 1062 2058 ne
1089 2023 1446 2060 animadverteretur
1474 2024 1520 2059 ab

165 2088 334 2125 hostibus
370 2088 492 2135 inopia
534 2092 763 2125 armarturae
798 2089 952 2136 ipseque
987 2101 1033 2126 ne
1078 2089 1165 2126 inde
1207 2092 1514 2125 contemneretur.

165 2153 321 2191 Causam
348 2153 463 2202 igitur
490 2154 653 2190 continet
689 2150 744 2202 μὴ
771 2153 921 2201 ἀπόρου
948 2169 1015 2191 του
1049 2148 1156 2197 ὄντος
1175 2155 1423 2200 enuntiatum,
1452 2165 1520 2190 cur

163 2219 342 2257 Brasidae
368 2219 568 2256 timendum
594 2220 656 2266 sit,
684 2230 731 2257 ne
759 2220 951 2257 molestum
979 2221 1078 2258 istud
1105 2221 1173 2257 sibi
1202 2221 1346 2258 accidat
1372 2220 1517 2257 scilicet

165 2284 454 2322 demonstrando
482 2284 580 2322 hosti
607 2296 756 2323 mancas
784 2296 873 2340 suas
898 2288 1012 2322 vires.

293 2351 348 2388 De
376 2352 560 2388 sententia
588 2351 632 2389 cf.
660 2351 736 2398 VII,
766 2352 804 2398 8,
840 2351 872 2388 1.
900 2349 967 2397 τήν
990 2365 1025 2386 τε
1054 2351 1130 2387 τῶν
1159 2350 1347 2396 πολεμίων
1373 2350 1457 2397 ἷσχ
1475 2349 1521 2387 ι’·ι’
