1766 2820
675 695 1060 747 Praefatio.

318 901 624 961 Thucydidem
657 900 841 945 forsitan
873 899 1041 944 mireris
1075 902 1303 958 postquam
1334 898 1380 942 in
1412 912 1469 942 eo
1501 902 1548 942 et

195 988 460 1049 explicando
503 992 550 1032 et
591 986 865 1031 emendando
913 990 979 1030 tot
1020 986 1214 1045 tantique
1254 985 1339 1030 viri
1378 972 1548 1029 versati

194 1080 308 1130 sunt,
342 1074 586 1118 avit-iorum
610 1073 875 1116 immunitate
894 1073 1023 1117 etiam
1038 1086 1153 1116 nunc
1177 1072 1353 1130 longius
1386 1070 1548 1114 abesse

196 1175 320 1220 quam
351 1174 432 1219 pro
464 1160 531 1203 rei
562 1159 783 1217 gravitate
826 1158 963 1203 liceat
995 1162 1276 1217 exspectare.
1338 1156 1549 1200 Attamen

193 1246 232 1289 si
273 1244 550 1303 spectaveris
592 1243 649 1287 ad
690 1243 949 1288 tralaticiam
989 1244 1118 1287 huius
1162 1243 1310 1303 operis
1353 1242 1550 1302 speciem

194 1332 353 1390 quippe
383 1330 622 1389 permultos
655 1330 839 1374 omnium
863 1329 1063 1374 codicum
1096 1344 1344 1374 communes
1373 1341 1549 1374 errores

178 1417 488 1461 'occultantem
520 1429 607 1460 nec
636 1420 780 1460 tamen
811 1415 943 1474 plane
983 1419 1228 1474 corruptam
1268 1420 1343 1458 aut
1375 1414 1548 1459 dilace-

194 1508 329 1546 ratam
361 1501 444 1546 sed
474 1502 757 1560 integriorem
785 1502 1088 1560 sanioremque
1121 1515 1216 1546 eam
1235 1500 1407 1559 quidem
1425 1515 1550 1560 quam

195 1594 243 1633 ut
281 1588 462 1632 liberior
500 1586 706 1631 medendi
757 1602 934 1647 campus
982 1588 1165 1632 relictus
1208 1589 1287 1643 sit,
1336 1601 1468 1647 porro
1510 1588 1551 1634 si

196 1674 578 1728 consideraveriS‚
627 1673 790 1716 nullum
835 1675 1009 1718 omnino
1051 1675 1130 1719 vel
1175 1680 1299 1719 certe
1337 1676 1551 1720 minimum

195 1774 300 1805 esse
329 1760 536 1804 auxilium
567 1759 852 1818 repetendum
896 1772 1045 1806 exea
1076 1775 1189 1820 quae
1231 1761 1358 1806 nobis
1391 1774 1551 1821 super·-

196 1850 271 1889 est
303 1846 569 1890 scholiorum
601 1845 836 1905 farragine,
870 1847 940 1890 cui
960 1828 1105 1906 ‘quota
1135 1848 1240 1891 fidei
1271 1862 1374 1906 pars
1398 1848 1552 1892 haberi

193 1932 349 1990 possit,
382 1931 643 1978 documento
678 1938 749 1977 est
790 1933 1014 1992 quaelibet
1056 1933 1153 1979 fere
1198 1949 1323 1993 quam
1359 1935 1551 1978 offerunt

194 2016 514 2076 interpretatio,
548 2018 682 2062 facile
714 2018 977 2077 intellegeS‚
1010 2021 1082 2078 qui
1115 2020 1276 2064 factum
1309 2021 1380 2075 sit,
1413 2025 1461 2063 ut
1493 2019 1551 2063 ad

194 2102 333 2147 solius
351 2103 518 2162 ingenii
547 2118 675 2163 opem
691 2104 874 2150 redacta
906 2106 1121 2151 divinatio
1138 2107 1382 2162 'rarissime‚
1402 2122 1551 2166 quam-

194 2190 266 2234 vis
301 2194 505 2249 cuperet,
553 2196 719 2235 rectam
750 2192 1109 2253 probabilemque
1142 2194 1258 2238 viam
1288 2193 1551 2252 ingredere-

194 2281 274 2320 tur.
349 2276 516 2321 Verum
569 2277 615 2321 id
665 2291 751 2322 non
790 2278 853 2322 ita
891 2279 1034 2339 accipi
1075 2280 1235 2334 νθίἱιιι,
1276 2293 1330 2324 ac
1369 2280 1408 2323 si
1449 2284 1553 2338 post

194 2364 356 2407 eximia
387 2364 502 2407 Imm.
536 2365 742 2410 Bekkeri
780 2365 1092 2425 Popponisque
1133 2367 1287 2411 merita
1317 2367 1423 2411 nihil
1457 2380 1550 2411 om-
