1766 2820
768 138 1023 175 -10-

215 232 236 286 ᾖ
273 236 412 273 ἐκεῖνοί
441 250 477 271 τε
521 234 738 274 ἀνέλπιστοι
781 237 1011 286 ἐπιγενέσθαι
1049 233 1093 274 ἄν
1121 253 1200 275 τινα
1237 240 1347 289 σφίσι
1393 239 1574 287 πολέμιον

217 302 282 338 καὶ
310 301 414 349 ἡμῶν
444 299 464 349 ἢ
492 298 587 348 ἀλκὴ
616 302 784 349 τυγχάνει
812 302 978 348 μάλιστα
1007 299 1112 341 οὖσα.

348 420 473 464 Qualis
498 420 610 469 volgo
639 421 898 457 circumfertur
926 420 1056 457 horum
1085 420 1284 458 verborum
1303 422 1449 470 species
1477 432 1575 469 quo-

218 488 334 523 minus
364 488 510 534 integra
539 487 738 532 habeatur,
775 486 896 522 obstat
920 488 1177 534 gravissimum
1206 499 1253 523 ex
1279 488 1335 524 rei
1363 489 1478 534 ipsius
1506 499 1575 524 na-

215 555 297 588 tura
325 553 479 598 petitum
508 554 774 600 argumentum.
830 552 920 588 Nam
948 550 1048 599 quod
1068 552 1139 588 viri
1167 550 1268 589 docti
1286 553 1457 600 plerique
1483 563 1576 589 ver-

215 617 345 653 borum
382 618 541 664 vestigia
573 618 693 652 secuti
730 617 958 663 interpretati
993 620 1097 653 sunt:
1127 644 1157 664 „.
1179 646 1186 653 .
1206 644 1215 653 .
1237 645 1245 652 .
1281 627 1352 664 qua
1389 627 1437 654 ex
1470 621 1576 665 parte

214 680 258 730 [a
286 682 395 726 mari)
424 693 506 718 cum
534 682 602 729 ipsi
630 682 768 718 nullum
796 682 939 718 hostem
968 685 1097 718 contra
1125 693 1167 718 se
1186 686 1382 720 venturum
1408 688 1575 731 sperant,

214 753 291 785 tum
317 748 426 785 etiam
455 751 608 785 nostrae
637 748 736 784 vires
766 752 851 785 sunt
880 747 1152 794 firmissimae“,
1188 749 1298 785 habet
1322 759 1366 787 ea
1393 749 1576 786 sententia

215 825 281 861 per
309 824 351 849 se
379 813 527 860 quidem
554 813 663 858 nihil,
691 812 792 861 quod
820 814 1029 860 vituperes:
1072 812 1139 850 sed
1175 815 1358 861 quomodo
1397 814 1458 850 hic
1491 818 1575 862 apte

214 880 336 917 locum
364 879 503 916 habere
530 880 660 927 possit,
689 890 763 915 non
792 889 986 926 assequor.
1043 880 1114 923 Qui
1144 881 1239 916 enim
1258 880 1463 927 comparari
1481 890 1574 928 pos-

214 949 303 982 sunt
341 949 541 983 terrestres
581 945 960 981 Lacedaemoniorum
993 946 1092 983 vires
1121 956 1201 982 cum
1228 946 1417 983 maritimis
1445 947 1576 994 eisque

217 1010 369 1057 opponi,
396 1010 699 1058 quandoquidem
728 1010 850 1046 nullus
886 1011 1036 1046 omnino
1077 1010 1149 1046 hoc
1177 1010 1262 1047 loco
1290 1021 1413 1048 sermo
1443 1015 1501 1048 est
1528 1011 1575 1048 de

214 1076 383 1113 terrestri
412 1076 579 1113 exercitu
606 1075 673 1113 sed
702 1076 748 1112 de
776 1076 856 1112 sola
893 1076 1014 1113 classe
1043 1074 1164 1123 deque
1200 1076 1380 1113 maritima
1416 1075 1575 1124 expedi-

213 1144 326 1178 tione.
356 1161 404 1168 —
432 1142 477 1178 Ut
503 1152 577 1178 uno
606 1142 720 1178 verbo
748 1151 827 1177 rem
855 1141 1065 1177 obsolvam:
1096 1141 1237 1178 excidit
1255 1145 1340 1178 ante
1368 1134 1465 1175 οὖσα
1478 1152 1571 1189 par-

212 1208 373 1255 ticipium
401 1208 500 1243 λαθ-
529 1207 670 1255 syllaba
698 1210 867 1254 surrepta
896 1217 940 1243 ea
968 1205 1113 1254 quidem
1134 1217 1153 1242 a
1180 1206 1439 1254 praecedentis
1455 1218 1573 1244 voca-

215 1273 291 1311 buli
320 1274 445 1309 ultima
472 1273 630 1321 syllaba:

343 1359 390 1365 —
420 1336 484 1373 καί
531 1334 635 1385 ἡμῶν
672 1333 692 1385 ἦ
729 1334 825 1384 ἀλκὴ
869 1335 1037 1383 τυγχάνει
1083 1336 1300 1384 μάλιστα
1343 1336 1574 1372 λαθοῦσα.

213 1405 328 1448 Quam
364 1405 584 1441 sententiam
624 1405 674 1439 ita
709 1408 833 1441 verto:
880 1424 951 1450 „——
986 1414 1058 1451 qua
1087 1414 1133 1440 ex
1159 1406 1261 1450 parte
1290 1407 1327 1440 et
1353 1403 1405 1440 illi
1432 1402 1574 1440 nullum

212 1470 356 1507 hostem
399 1480 486 1506 sese
527 1479 797 1517 aggressurum
842 1479 927 1505 esse
977 1474 1127 1515 sperant
1172 1472 1209 1504 et
1247 1469 1401 1515 impetus
1442 1472 1574 1506 noster

216 1536 353 1583 optime
381 1535 495 1572 celari
519 1534 672 1582 potest.“

343 1601 384 1637 Id
411 1601 488 1636 noli
523 1600 719 1644 oblivisci,
764 1600 950 1645 aptissime
991 1610 1011 1635 a
1039 1599 1230 1646 Teutiaplo
1258 1599 1401 1648 Argivo
1429 1601 1572 1637 moneri

213 1665 531 1704 Lacedaemonios
551 1691 563 1711 ,
609 1669 649 1700 ut
677 1675 786 1711 quam
814 1664 1010 1700 celerrime
1039 1674 1220 1710 quamque
1249 1664 1499 1700 occultissime
1526 1664 1573 1700 ad

211 1736 355 1780 captam
382 1731 595 1780 Mytilenam
623 1730 947 1778 adpropinquent,
984 1740 1056 1776 quo
1085 1729 1203 1777 magis
1232 1729 1481 1778 neglegentes
1509 1729 1574 1766 os-

211 1798 364 1836 sendant
390 1797 643 1835 Athenienses
672 1797 808 1844 quippe
844 1806 981 1832 recens
1024 1801 1168 1842 captum
1197 1796 1368 1843 oppidum
1398 1796 1576 1832 obtinen-

212 1868 268 1901 tes
278 1876 289 1909 3
335 1874 444 1911 quam
490 1861 635 1910 quidem
675 1872 753 1898 rem
788 1872 833 1898 eo
869 1861 1003 1898 melius
1031 1871 1143 1909 posse
1171 1861 1288 1907 effici,
1313 1861 1413 1908 quia,
1441 1871 1523 1897 cum
1550 1871 1572 1896 a

211 1930 303 1966 mari
342 1929 486 1965 hostem
524 1928 586 1964 vix
625 1932 757 1964 contra
793 1938 835 1963 se
863 1932 1060 1963 venturum
1088 1937 1173 1964 esse
1199 1930 1353 1974 putent,
1400 1925 1446 1962 ad
1473 1926 1568 1963 hanc

211 1998 354 2041 partem
381 1995 502 2030 minus
531 1994 689 2030 animum
717 1993 912 2029 advertant
939 1992 1212 2037 Athenienses3
1254 2002 1371 2039 quare
1398 1992 1571 2039 impetum

211 2059 381 2096 navalem
409 2058 581 2095 facillime
608 2069 720 2105 posse
749 2058 842 2094 clam
870 2060 925 2094 eis
955 2058 1109 2094 institui.

338 2125 394 2161 De
421 2125 608 2161 sententia
648 2125 728 2172 ipsa
756 2124 802 2162 cf.
832 2124 893 2170 111,
921 2123 985 2169 81,
1021 2124 1052 2160 1.
1106 2123 1148 2169 V,
1177 2122 1239 2169 58,
1267 2124 1303 2161 2.
1358 2122 1419 2168 Vl,
1446 2120 1510 2167 97,
1538 2120 1572 2157 1.

209 2191 287 2237 VII,
316 2191 381 2234 29,
410 2191 444 2228 2.
494 2190 572 2235 VII,
599 2188 663 2235 43,
692 2189 715 2224 2
743 2193 779 2225 et
807 2190 844 2228 3.

341 2254 452 2302 Quod
480 2254 639 2304 denique
668 2255 741 2292 duo
768 2255 827 2291 hic
853 2256 965 2292 unius
994 2254 1176 2291 enuntiati
1202 2254 1363 2291 membra
1389 2264 1457 2302 per
1482 2264 1573 2301 par-

209 2323 342 2360 ticulas
376 2336 415 2358 τε
444 2343 489 2348 -
520 2319 590 2358 καί
620 2323 670 2357 ita
698 2325 786 2357 sunt
812 2321 1006 2368 copulata,
1043 2324 1083 2356 ut
1110 2321 1267 2357 alterum
1307 2320 1462 2356 eandem
1488 2320 1570 2356 fere

208 2388 277 2426 sed
305 2388 421 2437 magis
449 2387 658 2426 distinctam
699 2390 825 2433 utpote
853 2397 899 2423 ex
925 2387 1052 2434 priore
1081 2386 1352 2423 consectariam
1383 2385 1570 2422 notionem
