1766 2820
753 113 1011 152 „28-

326 237 396 264 „—-
425 217 596 265 exceptis
626 217 672 254 iis
701 217 820 265 copiis
847 219 935 256 totis
952 246 962 265 ,
1003 229 1098 266 quae
1127 218 1279 256 omuino
1306 218 1345 256 in
1370 218 1443 256 hoc
1469 218 1569 258 bello

197 286 235 320 et
275 294 358 319 cum
403 283 688 320 Atheniensium
725 284 820 321 urbe
862 288 899 321 et
925 284 1304 323 Lacedaemoniorum
1345 286 1571 324 coniunctae

198 349 339 388 erant.“

331 416 401 459 Qui
429 427 521 453 vero
570 416 751 454 confundi
790 418 957 465 potuerit
984 415 1078 455 δ’λου
1119 411 1237 466 λόγου
1264 428 1381 466 voce,
1409 429 1487 456 non
1515 423 1574 457 est

196 483 299 531 quod
326 482 448 519 multis
477 481 796 530 demonstremus;
837 495 957 533 aeque
999 485 1148 522 facilem
1174 484 1293 523 fuisse
1320 485 1573 534 corruptelam

196 544 413 593 ξύμπαντος
450 547 549 585 haud
591 548 704 586 dubie
749 559 798 586 ex
837 550 966 598 priore
1005 550 1069 588 illa
1108 550 1313 598 profectam
1347 551 1459 588 facile
1500 551 1572 588 de-

196 611 311 651 deris.
1444 609 1446 612 ¹

330 680 358 726 1,
391 681 425 727 1,
458 681 490 720 1.
518 681 893 729 ξυνιστάμενον
929 680 1056 733 πρὸς
1082 678 1297 730 ἑκατέρους.

325 746 386 794 vl,
414 748 479 795 85,
507 748 545 787 3.
576 742 661 786 οὔτε
688 747 760 798 γὰρ
785 743 878 798 ἡμῖν
905 744 961 785 ἔτι
988 747 1098 787 ἔσται
1124 747 1234 796 ἰσχῦς
1258 744 1426 796 τοσαύτη
1449 745 1496 792 ἐς
1524 747 1574 786 ἓν

197 813 249 856 ξυ
262 813 423 848 στᾶσα
450 809 778 862 εὖμεταχείριστος
804 811 880 851 κτέ.
1114 822 1121 826 ’

738 1203 852 1268 Vll,
886 1213 960 1268 61,
994 1214 1036 1257 2.

325 1358 376 1364 —
404 1337 469 1375 καί
494 1339 535 1374 τὰ
565 1337 632 1384 τῆς
659 1335 776 1384 τύχης
812 1332 882 1373 κᾶν
920 1338 1008 1383 μεθ’
1036 1331 1144 1384 ἡμῶν
1177 1332 1401 1380 ἐλπίσαντες
1441 1337 1574 1385 στῆναι

197 1401 262 1438 καί
296 1399 347 1445 ὥς
383 1397 691 1449 ἆναμαχούμενοι
727 1399 843 1446 ἀξίως
870 1402 980 1439 τοῦδε
1007 1402 1077 1437 τοῦ
1113 1400 1304 1448 πλὴθους,
1346 1399 1439 1439 ὅσον
1465 1399 1576 1439 αὗτοί

196 1465 306 1515 ὑμῶν
334 1466 514 1518 ἐφορᾶτε,
543 1466 888 1517 παρασκευάζεσθε.

328 1553 427 1597 Quid
455 1551 521 1587 καί
557 1555 650 1598 part.
679 1555 766 1588 ante
803 1548 855 1592 ὡς
895 1546 1231 1598 ἇναμαχούμενοιῗ
1273 1562 1346 1599 qua
1383 1551 1574 1599 aptissime

198 1620 371 1657 connecti
400 1615 624 1661 ἐλπίσαντες
652 1621 690 1654 et
717 1611 769 1660 ὥς
796 1605 1104 1664 ἆναμαχούμενοι
1137 1617 1315 1654 notiones
1342 1616 1423 1655 vult
1449 1617 1575 1656 Krue-

195 1696 328 1735 gerus,
356 1686 408 1722 ita
434 1688 475 1721 ut
501 1680 725 1726 ἐλπίσαντες
752 1683 819 1721 καί
834 1680 887 1726 ὥς
914 1679 1224 1729 ἅναμαχούμενοι
1250 1686 1411 1732 positum
1438 1685 1487 1721 sit
1503 1695 1574 1732 pro

196 1749 485 1800 προσδοκῶντες
512 1745 792 1796 ἀναμαχεῖσθαι
799 1765 813 1798 ,-
859 1749 1005 1799 qualem
1032 1753 1154 1787 tamen
1185 1749 1385 1789 dictionem
1417 1761 1573 1799 prorsus

197 1830 331 1856 carere
359 1819 536 1868 analogia
564 1821 669 1855 certo
698 1818 800 1855 scio:
841 1829 926 1854 nam
968 1828 1061 1865 quas
1099 1818 1321 1867 Kruegerus
1353 1829 1507 1867 gramm.
1537 1823 1574 1863 s.

193 1884 261 1932 56,
295 1883 355 1931 14,
385 1889 463 1924 not.
493 1883 510 1920 1
544 1883 693 1922 confert
720 1883 861 1921 similes
890 1886 1119 1931 structuras,
1149 1894 1213 1921 eas
1242 1894 1328 1921 esse
1352 1884 1463 1922 valde
1491 1883 1572 1920 dis-

198 1952 355 1998 similes,
383 1953 506 1989 statim
535 1950 677 1988 videbit
704 1951 736 1987 is
766 1952 828 1998 qui
857 1949 1073 1999 diligentius
1101 1960 1166 1987 eas
1192 1950 1446 1999 perpenderit.

326 2017 405 2055 Nec
433 2017 552 2066 magis
581 2017 613 2054 is
642 2027 753 2065 quem
781 2016 968 2053 Haackius
988 2016 1182 2053 constituit
1209 2017 1478 2053 sententiarum
1503 2026 1575 2053 ne-

196 2096 267 2122 xus
304 2084 416 2121 habet
443 2094 519 2131 quo
549 2083 845 2121 commendetur.
903 2082 983 2120 Etsi
1011 2084 1108 2120 enim
1137 2093 1212 2119 non
1253 2083 1377 2131 inepte
1405 2079 1456 2125 ὡς
1483 2078 1575 2119 ἀνα-

195 2143 433 2198 μαχούμενοι
459 2160 575 2187 voces
594 2160 662 2198 per
689 2150 963 2198 appositionem
999 2151 1222 2187 coniunctas
1250 2159 1337 2187 esse
1365 2149 1468 2186 duxit
1494 2159 1577 2186 cum

195 2215 531 2265 παρασκευάζεσθε
552 2216 684 2264 verbo,
710 2220 835 2253 tamen
856 2227 953 2265 quae
972 2216 1050 2264 ille,
1079 2220 1120 2253 ut
1140 2216 1377 2254 confirmaret
1395 2226 1498 2254 suam
1526 2215 1575 2253 de

197 2282 264 2319 καὶ
287 2285 394 2321 vocis
422 2284 699 2333 significatione
727 2284 965 2332 opinionem,
994 2284 1164 2332 exempla
1190 2283 1321 2330 attulit,
1349 2294 1426 2321 non
1453 2283 1503 2320 ita
1531 2294 1576 2320 ea

196 2355 285 2388 sunt
311 2354 537 2399 comparata,
565 2354 606 2388 ut
633 2350 797 2388 refutent
824 2351 1010 2399 Popponis
1030 2349 1210 2388 iudicium
1238 2349 1349 2387 ullam
1369 2353 1575 2387 construc-

195 2417 335 2455 tionem
354 2418 528 2467 negantis
546 2428 659 2465 posse
678 2418 851 2465 reperiri,
872 2417 935 2454 ubi
954 2415 1020 2452 καί
1036 2418 1161 2455 inter
1189 2416 1281 2454 duo
1309 2416 1573 2464 participia
