1766 2820
669 624 1033 677 Vita.

295 810 411 849 Natus
439 820 523 849 sum
549 812 740 848 Iohannes
767 811 943 859 Kappera
974 815 1073 847 auct.
1102 821 1136 847 a.
1166 809 1429 847 MDcccxxx
1457 811 1539 849 Scti

166 874 329 914 Antonii
353 877 438 914 vico
464 887 582 925 prope
609 876 834 914 Crefeldiam
860 877 947 923 sito,
975 880 1079 924 patre
1103 876 1264 913 Andrea
1288 880 1378 914 octo
1406 876 1539 914 abhinc

170 942 276 979 annis
304 946 426 980 morte
453 943 540 979 mihi
564 947 708 991 erepto,
735 946 854 980 matre
875 941 1091 979 catharina
1118 954 1140 979 e
1166 947 1280 991 gente
1299 943 1538 989 Delon-craia,

166 1017 265 1056 quae
291 1012 381 1045 ante
406 1007 475 1046 hos
503 1008 600 1045 duos
627 1018 776 1046 menses
803 1007 898 1056 prob
916 1007 1050 1045 dolor!
1080 1018 1296 1057 supremum
1324 1008 1420 1046 diem
1437 1009 1537 1047 obiit.

166 1074 293 1111 Fidem
329 1075 509 1122 profiteor
543 1075 774 1112 catholicam.
839 1075 970 1111 Primis
1007 1075 1200 1111 literarum
1238 1075 1429 1112 elementis
1466 1076 1540 1112 im-

168 1139 278 1177 butus
306 1140 401 1187 ⁷inde
438 1152 459 1178 a
496 1144 631 1189 quarto
667 1140 814 1178 decimo
858 1139 1006 1177 demum
1044 1141 1180 1178 aetatis
1218 1150 1317 1178 auno
1352 1141 1538 1189 frequen-

167 1208 244 1244 tavi
277 1208 478 1257 collegium
514 1208 615 1256 quod
653 1211 789 1245 vocant
824 1208 1005 1245 urbanum
1040 1207 1273 1256 Kempense,
1310 1208 1413 1245 unde
1439 1219 1538 1246 anno

167 1273 485 1312 MDCCCXLVIII.
514 1274 586 1311 abii
621 1274 667 1311 ad
693 1274 926 1323 gymnasium
953 1274 1276 1321 Marcoduranum,
1304 1274 1404 1322 quod
1430 1276 1539 1312 etiam

167 1351 266 1378 nunc
302 1340 411 1379 floret
444 1342 620 1390 auspiciis
647 1342 857 1390 Meirinyt'i,
894 1342 965 1378 viri
1000 1342 1223 1387 amplissimi.
1279 1342 1394 1380 Cuius
1422 1341 1539 1378 disci-

166 1407 267 1454 plina
293 1417 361 1454 per
387 1410 464 1443 tres
493 1417 611 1444 annos
645 1417 737 1444 usus
770 1411 974 1455 postquam«
1001 1411 1097 1444 auct.
1123 1418 1152 1445 a.
1181 1407 1401 1446 MDCCCLl.
1429 1409 1540 1445 testi-

167 1474 293 1510 monio
334 1474 553 1511 maturitatis
599 1475 808 1511 instructus
852 1484 953 1519 sum,
990 1473 1257 1511 Monasterium
1294 1485 1353 1511 me
1394 1475 1540 1512 contuli

170 1538 505 1588 Guestphalorum‚
545 1540 682 1577 studiis
708 1538 945 1588 philologieis
983 1550 1042 1575 me
1078 1539 1245 1576 daturus.
1298 1539 1368 1577 Ubi
1406 1536 1541 1577 civium

168 1604 464 1643 academicorum
484 1616 641 1643 numero
656 1600 867 1654 adscriptus
884 1604 1023 1644 scholis
1042 1606 1193 1643 interfui
1212 1606 1388 1656 Deykaii‚·
1404 1606 1540 1645 Esset-i

167 1673 204 1710 b.
232 1684 293 1719 m.,
321 1673 459 1718 Ha‘sii,
494 1673 711 1721 Bospattii,
750 1672 982 1711 Winiewskii
1015 1671 1089 1709 VV.
1118 1673 1195 1711 DD.
1223 1683 1292 1720 per
1327 1684 1466 1711 annum
1500 1678 1539 1711 et

168 1737 373 1777 dimidium.
440 1739 530 1777 Tum
573 1739 671 1777 hanc
712 1739 844 1777 almam
883 1740 1167 1777 universitatem
1212 1738 1426 1778 Rhenanam
1466 1741 1539 1778 adii

168 1807 381 1855 iterumque
409 1807 541 1844 civium
577 1807 616 1843 in
650 1817 845 1844 numerum
872 1810 1047 1854 receptus
1082 1817 1103 1842 a
1139 1806 1304 1844 Rectore
1338 1806 1537 1856 Magnifico

169 1872 224 1911 cl.
253 1873 448 1921 Hilqersio
476 1872 729 1920 producentes
755 1872 880 1910 audivi
906 1872 982 1909 VV.
1004 1871 1072 1909 Gll.
1094 1871 1267 1909 Abolium
1291 1871 1326 1909 b.
1354 1884 1418 1920 ιιι,
1443 1874 1539 1912 Iah-

167 1941 285 1987 nium,
304 1939 548 1985 Knoodtium,
567 1939 813 1984 Loebellium,
834 1939 1034 1988 Muysium,
1053 1939 1314 1986 Bitschelium,
1331 1939 1537 1986 Ritterum,

169 2006 420 2055 Schopenum,
454 2006 699 2043 Welcleemm.

295 2072 436 2118 Quibus
462 2073 554 2110 viris
582 2073 754 2110 omnibus
791 2073 929 2121 optime
966 2072 1013 2110 de
1040 2084 1099 2110 me
1126 2074 1267 2111 marius
1294 2073 1436 2122 gratias
1464 2084 1537 2123 ago

92 2137 95 2139 ’
171 2152 220 2179 ex
247 2141 359 2178 animi
385 2141 586 2188 sententia,
613 2140 783 2189 inprimis
813 2140 1011 2178 Welolwro
1037 2151 1083 2177 ac
1109 2141 1342 2187 RiteckeHo,
1379 2150 1537 2188 quorum

169 2207 433 2245 benevolentia
466 2207 504 2243 in
538 2207 775 2245 seminarium
802 2207 894 2256 Reg.
930 2206 1197 2256 philologioum
1230 2211 1408 2256 receptus
1441 2217 1537 2255 sum,

170 2275 278 2312 cuius
304 2285 373 2323 per
400 2285 535 2311 annum
562 2274 703 2311 sodalis
729 2273 785 2311 fui
813 2273 1045 2312 ordinarius:
1073 2285 1121 2311 ex
1135 2284 1210 2322 quo
1237 2275 1404 2311 instituto
1423 2274 1538 2323 louge

170 2341 366 2379 utilissimo
394 2345 553 2389 quantos
580 2340 726 2378 fructus
752 2340 1001 2388 perceperim,
1029 2340 1158 2378 dicere
1186 2340 1276 2378 nihil
1303 2340 1445 2379 attinet.
