1766 2820
765 108 1019 148 ...16‚.

209 212 274 248 καί
299 216 364 260 τὴν
392 211 575 261 σφετέραν
602 208 625 245 ἀ
642 227 665 246 n
684 213 799 259 οριά
813 227 840 249 ν.
897 212 956 254 lv,
987 212 1049 256 52,
1077 211 1112 249 3.
1140 209 1230 252 ναῦς
1257 223 1295 245 τε
1322 212 1393 256 γὰρ
1420 204 1571 244 εὔπο-

211 278 292 324 pt'u
322 273 364 324 ἦν
399 278 607 314 ποιεῖσθαι.
663 277 723 322 IV,
753 277 816 322 29,
845 278 881 316 2.
910 273 979 311 τοῦ
999 274 1144 324 χωρίου
1171 274 1228 323 τῇ
1256 271 1462 320 ἀπορίᾳ.

339 343 394 378 De
421 336 569 389 ἄπορον
595 344 719 380 neutri
746 343 864 380 forma
887 345 941 386 [=
968 338 1126 386 ἀπορία]
1158 339 1204 375 cf.
1235 339 1264 383 1,
1287 337 1371 384 136,
1391 338 1427 376 2.
1457 336 1572 373 κατά

209 421 255 445 τι
280 401 482 456 ἄπορον.
541 409 568 455 1,
597 409 660 455 25,
681 408 716 445 1.
744 406 791 443 ἐν
814 403 982 455 ἀπόρῳ
1007 401 1164 451 εἴχοντο.
1219 404 1265 451 II,
1285 404 1349 450 62,
1373 404 1410 443 5.
1438 403 1484 440 ἐν
1511 399 1574 453 τῷ

209 468 392 522 ἀπόρῳ.
451 473 513 520 ΙΙΙ,
540 473 604 520 82,
623 475 657 513 7.
687 473 783 521 πρός
809 466 854 507 ‘cox
881 465 1079 518 ἄπορον.
1133 470 1192 516 lv,
1219 469 1305 516 127,
1324 470 1359 508 2.
1390 465 1431 503 τὸ
1460 464 1573 504 ἀπό-

211 550 295 587 ρον
321 537 389 584 τῆς
417 535 518 574 ὁδοῦ.

334 603 388 640 De
416 604 625 641 abundante
660 602 820 650 denique
854 599 908 648 μὴ
944 602 1210 639 coniunctione
1246 603 1373 646 utpote
1409 597 1575 647 adposita

209 667 256 705 ad
281 670 605 717 praepositionem,
632 669 670 704 in
697 679 770 715 qua
803 669 951 717 negatio
981 670 1103 713 inest,
1149 666 1196 703 cf.
1226 666 1254 712 1,
1283 665 1346 710 77,
1373 665 1408 703 2.
1438 661 1574 712 παρὰ

209 731 261 767 τὸ
290 731 352 780 μὴ
380 733 601 779 οἴεσθαι,
631 737 668 769 et
698 733 826 770 Matth.
854 744 911 781 gr.
939 733 1045 781 ampl.
1076 737 1110 776 §.
1138 732 1227 777 534,
1256 734 1332 767 not.
1358 729 1394 770 4,
1422 730 1457 766 7.

756 1111 828 1165 v,
871 1112 1030 1166 18,1.

348 1234 447 1284 Περὶ
471 1234 542 1282 μὲν
568 1235 643 1271 τῶν
672 1233 780 1284 ἱερῶν
807 1235 882 1271 τῶν
901 1232 1036 1270 κοινοῦν
1054 1232 1158 1271 θύειν
1183 1234 1247 1271 καί
1273 1234 1367 1271 ἰέναι
1395 1230 1459 1269 καί
1481 1247 1577 1279 μαν-

217 1297 393 1337 τεύεσθαι
419 1300 484 1335 καί
507 1302 663 1346 θεωρεῖν
690 1298 785 1334 κατὰ
810 1298 855 1334 τὰ
884 1298 1024 1345 πάτρια
1051 1296 1116 1332 τὸν
1138 1296 1369 1343 βουλόμενον
1397 1298 1461 1333 καί
1482 1296 1579 1344 κατὰ

219 1366 288 1412 γῆν
316 1364 381 1401 καί
406 1362 499 1401 κατὰ
522 1363 724 1401 θάλασσαν
750 1360 876 1407 ἀδεῶς.

346 1456 484 1505 Agitur
510 1456 544 1494 h.
572 1456 594 1493 1.
624 1455 670 1491 de
697 1452 762 1492 καί
788 1454 883 1490 ἰέναι
910 1455 1122 1499 vocabulis3
1160 1455 1293 1501 quibus
1330 1454 1416 1502 quid
1442 1456 1491 1491 sit
1517 1454 1578 1491 fa-

220 1521 405 1568 ciendum,
436 1520 584 1557 minime
612 1521 650 1557 in
678 1524 845 1568 promptu
871 1524 937 1558 est.
991 1520 1184 1557 Arnoldus
1212 1520 1327 1569 igitur
1354 1520 1453 1570 volg.
1479 1520 1578 1557 scri-

221 1591 366 1634 pturam
395 1585 559 1622 defendit
584 1586 792 1631 affirmans,
821 1588 859 1622 in
888 1586 1057 1622 omnibus
1095 1586 1313 1623 solennibus
1348 1586 1515 1622 formulis
1543 1589 1580 1621 et

222 1652 340 1699 pactis
378 1651 491 1688 multa
526 1651 709 1688 vocabula
744 1652 949 1699 interponi,
986 1662 1081 1700 quae
1117 1652 1155 1687 in
1188 1652 1372 1688 communi
1406 1660 1581 1688 sermone

222 1728 501 1765 supervacanea
536 1719 802 1754 existimentur.
864 1718 1062 1754 Praeterea
1098 1718 1158 1754 hic
1196 1716 1290 1754 ἰέναι
1325 1718 1480 1754 verbum
1505 1727 1583 1754 non

222 1794 307 1821 esse
333 1794 675 1830 supervacaneum,
718 1794 800 1820 cum
833 1794 882 1820 ne
917 1784 998 1831 quis
1035 1784 1073 1819 in
1110 1784 1190 1831 ipso
1218 1784 1353 1820 itinere
1381 1782 1427 1820 ad
1450 1782 1583 1830 templa

222 1850 492 1899 interpelletur,
512 1853 651 1887 caveat.
705 1851 931 1899 Quamquam
950 1850 1141 1888 Arnoldus
1160 1850 1241 1899 ipse
1267 1849 1453 1896 concedit,
1481 1849 1583 1887 diffi-

224 1916 399 1953 cultatem
426 1916 464 1952 in
492 1926 538 1953 eo
566 1926 664 1962 esse,
694 1916 794 1964 quod
824 1920 1002 1964 sequatur
1028 1914 1133 1953 θύειν
1158 1917 1327 1962 verbum,
1367 1926 1443 1953 non
1469 1926 1584 1964 prae-

225 1982 343 2020 cedat.
398 1981 493 2030 „Sed
519 1982 712 2030 profecto,
750 1983 891 2030 inquit,
927 1993 1003 2020 non
1030 1993 1202 2033 magnum
1243 1986 1464 2020 momentum
1496 1982 1584 2020 huic

223 2049 282 2085 rei
309 2051 367 2084 est
392 2047 662 2084 tribuendum.“
1402 2096 1404 2098 q

352 2113 523 2150 Alterum
558 2113 718 2151 Arnoldi
756 2117 1015 2163 argumentum
1033 2143 1045 2161 ,
1085 2115 1122 2151 in
1162 2115 1330 2152 omnibus
1366 2114 1584 2153 solennibus

226 2180 395 2217 formulis
423 2179 534 2215 multa
562 2180 744 2216 vocabula
771 2180 982 2227 interponi,
1027 2191 1121 2227 quae
1155 2182 1193 2217 in
1233 2181 1382 2229 vulgari
1409 2191 1584 2219 sermone

226 2255 506 2294 supervacanea
541 2245 635 2292 sint,
664 2246 842 2294 exemplis
870 2246 1131 2284 stabiliendum
1160 2250 1238 2293 est,
1279 2246 1317 2284 id
1351 2246 1450 2295 quod
1484 2247 1585 2285 haud

228 2313 310 2349 scio
339 2321 384 2347 an
412 2321 489 2357 nqn
516 2310 596 2347 fieri
622 2312 752 2359 possit.
807 2311 915 2356 Quod
933 2323 1025 2349 vero
1052 2313 1218 2350 secundo
1245 2312 1331 2350 loco
1359 2314 1494 2361 posuit,
1523 2310 1587 2348 καὶ

231 2376 328 2413 ἰέναι
352 2376 466 2413 verba
492 2375 634 2414 idcirco
662 2387 747 2414 esse
788 2389 808 2414 a
834 2378 1110 2425 paciscentibus
1138 2378 1288 2426 addita,
1337 2381 1377 2415 ut
1418 2381 1585 2425 caveant,
