1766 2820
740 99 996 139 ...25-

183 204 300 254 λόγόυ
340 203 405 241 καί
436 204 503 252 τῆς
541 202 781 251 ’ξυνωμοσίας
815 200 881 239 ἐπὶ
913 203 965 253 τῷ
1007 196 1115 253 δήμῳ
1154 199 1218 239 ἀπ’
1250 201 1393 239 ἐκείνου
1429 198 1550 238 ἐδόκει

183 270 411 319 πραχθῆναι,

306 366 448 405 Contra
464 368 536 405 vim
553 365 646 415 μετὰ
665 368 955 417 praepositionis
974 368 1198 416 interpretes
1217 365 1263 404 ad
1282 366 1348 412 τῆς
1374 366 1549 410 ξυνωμο-

185 432 272 478 σίας
301 434 418 472 verba
435 433 706 482 suppleverunt
728 432 821 480 μετά
849 434 939 472 illud
957 435 1008 471 ita
1025 444 1106 471 rem
1125 434 1366 480 accipientes,
1393 434 1435 468 ut
1455 425 1549 477 μετὰ

176 500 252 549 Ιτῆς
278 498 518 546 ξυνωμοσίας
546 503 664 537 esset:
692 501 983 548 „coniurationis
1012 500 1139 550 ergo.“
1194 501 1236 537 ln
1263 509 1372 547 quam
1399 496 1549 546 opinio-

186 575 272 603 nem
297 564 408 604 video
448 566 566 614 ipsum
595 567 831 616 Kruegerum
865 567 989 605 abisse
1004 595 1016 615 ‚
1061 570 1101 604 ut
1132 566 1359 615 perspicitur
1395 575 1443 600 ex
1479 562 1550 599 hac

181 631 447 670 translatione:
477 636 610 681 „unter
638 632 845 672 denselben
871 631 1186 683 Beweggrfinden
1215 632 1289 670 und
1316 634 1441 677 nutet,
1468 639 1549 666 we-

180 708 280 748 gen,
315 698 385 736 der
410 698 747 749 Verschwcrungf‘
800 699 961 737 Primum
995 710 1044 737 ex
1076 698 1272 748 Kruegero
1308 696 1549 747 quaesierim,

179 773 268 801 num
285 764 384 801 idem
401 765 451 802 sit
475 769 614 802 unter
640 768 678 802 et
694 776 859 815 wegen
878 765 947 802 der
962 764 1300 813 Verschworung‘?
1328 763 1418 801 Tum
1442 772 1548 807 vero,

180 840 359 880 quasnam
387 835 511 869 mente
536 831 607 869 sibi
633 830 782 869 finxerit
809 842 941 869 causas
969 828 1293 881 [Beweggrimde]
1315 840 1464 879 quoque
1481 838 1548 868 eas

177 900 350 945 spectare
376 897 492 934 velit?
546 897 699 935 Scilicet
728 898 774 934 ad
810 898 947 935 nullam
985 898 1095 935 aliam
1121 908 1200 934 rem
1236 897 1309 934 nisi
1336 896 1383 934 ad
1411 896 1547 933 coniu-

177 964 361 1003 rationem
388 963 486 1003 illam
514 975 578 1003 eas
604 964 833 1014 pertinuisse
858 968 1025 1015 apertum
1053 967 1119 1003 est.
1172 964 1307 1002 Nonne
1335 962 1451 1013 igitur
1478 961 1546 1000 ab·

179 1030 333 1068 surdum
362 1035 464 1068 esset
491 1031 632 1069 addere
660 1035 840 1079 tamquam
868 1042 1005 1068 novum
1044 1036 1319 1080 argumentum:
1360 1035 1420 1077 „et
1448 1040 1545 1066 con-

178 1096 375 1134 iurationis
400 1107 494 1148 ergo
504 1096 547 1135 ‘?“
574 1117 624 1123 —
652 1098 733 1143 Qua
761 1097 910 1146 quidem
946 1098 1270 1147 argumentatione
1297 1096 1407 1135 facile
1430 1095 1545 1132 intel-

175 1164 272 1214 legis
306 1164 416 1201 nobis
442 1165 542 1212 ipsos
570 1165 640 1201 iam
667 1164 890 1211 patefecisse
919 1174 989 1201 nos
1018 1175 1142 1201 veram
1168 1164 1358 1201 sanandae
1386 1167 1545 1199 senten-

182 1230 257 1267 tiae
302 1231 407 1268 viam.
468 1230 625 1279 Scripsit
669 1231 767 1267 enim
800 1230 914 1267 Thuc.
951 1232 1068 1267 κατὰ
1113 1229 1197 1276 τῆς
1233 1226 1545 1275 ξυνωμοσίας

176 1298 370 1348 pertinens
399 1297 435 1334 id
464 1296 611 1346 quidem
640 1297 687 1334 ad
714 1297 781 1332 τοῦ
809 1292 928 1334 αὐτοῦ
957 1294 1074 1344 λόγου
1098 1298 1223 1334 verba.

310 1364 463 1412 „eadem
489 1364 634 1401 ratione
673 1364 711 1400 in
748 1364 1046 1401 coniurationem
1082 1363 1367 1409 [coniurationis
1403 1361 1542 1412 gratia]

184 1430 365 1468 adversus
392 1432 525 1467 statum
551 1429 769 1478 popularem
796 1429 991 1467 videbatur
1018 1429 1064 1467 ab
1090 1440 1136 1466 eo
1163 1429 1302 1466 factum
1328 1440 1426 1467 esse.

303 1495 365 1542 Vl,
392 1496 457 1542 27,
485 1496 520 1534 2.
548 1496 614 1532 καί
639 1492 718 1529 ἐπὶ
754 1494 1049 1544 ξυνωμοσίᾳ
1083 1491 1163 1540 ἅμα
1201 1494 1391 1544 νεωτέρων
1417 1509 1541 1543 πραγ-

172 1553 309 1610 μάτων
339 1559 404 1597 καί
429 1559 552 1610 δῆμον
580 1558 822 1604 καταλύσεως
847 1561 1078 1610 γεγενῆσθαι.

302 1627 364 1675 vl,
392 1627 456 1675 60,
487 1627 520 1667 1.
547 1625 614 1662 καὶ
646 1624 769 1662 πάντα
795 1621 926 1669 αὐτοῖς
970 1624 1095 1664 ἐδόκει
1137 1626 1225 1665 ἐπὶ
1249 1629 1542 1678 ξυνωμοσίᾳ

174 1688 395 1744 ὄλιγαρχικῇ
423 1692 488 1730 καί
511 1691 712 1742 τυραννικῇ
739 1691 966 1740 πεπρᾶχθαι.

705 2143 795 2198 vl,
829 2143 914 2197 87,
948 2146 989 2188 4.

291 2263 353 2304 Ἐν
391 2265 505 2304 παντί
536 2267 607 2316 γὰρ
647 2267 722 2311 πᾶς
755 2266 909 2318 χωρίῳ,
948 2268 1013 2306 καί
1038 2260 1069 2320 ᾧ
1093 2267 1148 2317 μὴ
1175 2266 1406 2317 ὗπάρχομεν,
1435 2267 1467 2307 δ’
1494 2284 1534 2306 τε

168 2330 339 2380 οἰόμενος
366 2329 613 2381 ἀδικήσεσθαι
640 2331 707 2370 καί
727 2328 746 2369 ὃ
774 2331 1030 2381 ἐπιβουλεύων
1049 2334 1111 2371 διὰ
1137 2334 1180 2370 τὸ
1206 2331 1360 2383 ἑτοίμην
1388 2330 1534 2372 ἰπεῖναι

166 2396 303 2436 ἐλπίδα
329 2396 384 2451 τῷ
409 2397 481 2446 μὲν
507 2395 717 2447 ἇντιτυχεῖν
734 2397 957 2448 ἐπικουρίας
983 2397 1049 2450 ἀφ’
1076 2397 1196 2448 ἡμῶν,
1222 2400 1276 2451 τῷ
1304 2399 1356 2444 δὲ,
1383 2400 1419 2438 εἰ
1442 2398 1534 2450 ἥξο-
