1766 2820
570 756 629 810 11,
667 757 737 810 15,
770 757 812 800 4.
846 755 942 812 [ed.
974 755 1186 813 Ksuegj.

333 874 418 912 Kal
453 876 496 924 τῇ
529 874 642 926 κρήνῃ
677 877 724 927 τῇ
759 878 825 914 νῦν
852 877 924 925 μὲν
957 877 1033 913 τῶν
1067 873 1258 923 τυράννων
1294 869 1394 913 οὕτω
1421 887 1559 912 σκευα-

208 939 354 977 σάντων
389 938 656 991 Ἐννεακροὺνῳ
682 941 919 991 καλουμένῃ,
964 938 1005 977 τὸ
1043 939 1084 976 δὲ
1122 938 1240 976 πάλαι
1276 939 1447 988 φανερῶν
1484 939 1560 975 τῶν

206 1007 333 1054 πηγῶν
360 1001 487 1043 οὖσῶν
515 1004 742 1055 Καλλιῤῥόῃ
777 1002 1046 1055 ὥνομασμένῃ,
1086 1005 1206 1055 ἐκείνῃ
1244 1019 1281 1041 τε
1319 1002 1427 1052 ἐγγὺς
1464 999 1558 1055 οὔσῃ

202 1068 247 1105 τὰ
289 1070 468 1107 πλείστου
512 1065 598 1115 ἄξια
642 1070 829 1118 ἐχρῶντο,
873 1068 939 1106 καί
980 1070 1047 1106 νῦν
1085 1067 1140 1109 ἔτι
1179 1067 1251 1107 ἀπὸ
1293 1071 1360 1106 τοῦ
1398 1066 1558 1118 ἀρχαίου

202 1132 274 1180 πρό
305 1150 343 1172 τε
381 1135 548 1182 γαμικῶν
585 1134 650 1170 καί
686 1134 725 1176 ἐς
765 1133 863 1171 ἄλλα
897 1134 973 1170 τῶν
1008 1133 1117 1183 ἱερῶν
1152 1135 1341 1182 νομίζεται
1368 1132 1420 1186 τῷ
1447 1128 1556 1171 ὕδατι

199 1200 382 1247 χρῆσθαι.

322 1279 397 1317 Suo
424 1281 504 1317 iure
530 1281 747 1330 Kruegerus
775 1281 937 1327 dubitat,
964 1292 1054 1318 num
1079 1281 1213 1318 Graeci
1242 1281 1382 1324 ἐκεῖνος
1408 1289 1553 1327 prono-

201 1356 283 1383 men
316 1346 365 1381 ita
391 1356 571 1392 usurpare
598 1346 672 1383 sint
698 1346 818 1391 soliti,
858 1350 899 1382 ut
925 1347 1113 1383 notionem
1140 1346 1297 1393 aliquam
1323 1349 1409 1392 post
1435 1345 1558 1381 inter·-

202 1412 317 1449 iectas
344 1411 435 1447 alias
461 1412 668 1449 sententias
693 1412 966 1459 perspicuitatis
995 1422 1109 1449 causa
1135 1423 1203 1460 per
1230 1411 1321 1448 illud
1348 1420 1556 1459 pronomen

202 1478 437 1524 exciperent,
472 1476 777 1524 quemadmodum
811 1478 849 1515 in
882 1482 1012 1515 nostra
1050 1478 1235 1515 sententia
1271 1478 1395 1525 Poppo
1430 1476 1559 1514 statuit

204 1540 324 1589 ἐκείνῃ
353 1540 512 1578 dativum
540 1546 711 1588 spectare
738 1542 783 1577 ad
810 1545 855 1592 τῇ
883 1543 999 1591 κρήνῃ
1035 1544 1225 1578 notionem
1261 1552 1372 1589 supra
1400 1541 1556 1578 allatam.

202 1605 346 1645 Etenim
373 1616 480 1644 nemo
508 1616 585 1643 non
608 1607 722 1644 sentit
740 1617 895 1655 prorsus
921 1606 1110 1645 diversum
1131 1617 1215 1643 esse
1243 1605 1393 1645 dicendi
1418 1615 1557 1655 genus:

203 1668 245 1715 ὅς
271 1692 320 1697 -
349 1671 508 1717 ἐκεῖνος,
550 1672 659 1718 quale
687 1676 808 1709 exstat
834 1683 868 1708 e.
894 1684 932 1720 g.
962 1673 1058 1719 apud
1092 1673 1186 1710 Xen-
1225 1673 1310 1720 Cyr.
1338 1672 1398 1718 Vl,
1423 1674 1461 1717 2,
1489 1671 1557 1714 33:

202 1732 220 1772 ὃ
249 1734 315 1783 τὴν
344 1733 482 1784 λόγχην
508 1734 674 1784 ἀκονῶν,
712 1737 851 1781 ἐκεῖνος
895 1738 960 1775 καί
993 1738 1061 1785 τῆν
1096 1737 1224 1786 ψυχήν
1261 1750 1297 1773 τι
1340 1737 1551 1785 παρακονᾶ.

202 1802 319 1839 Secus
339 1813 452 1849 porro
472 1814 534 1839 res
561 1813 604 1839 se
623 1803 745 1849 habet,
773 1804 807 1840 si
825 1807 972 1850 spectes
1001 1804 1047 1842 ad
1076 1805 1148 1841 vim
1176 1797 1286 1847 οὗτος
1312 1803 1553 1850 pronominis.

202 1869 427 1915 Quamquam
456 1867 545 1916 quid
572 1868 690 1906 refert
717 1868 762 1905 ad
790 1869 1008 1906 sententiam
1035 1872 1196 1905 nostram
1217 1894 1227 1913 ,
1269 1867 1411 1910 ἐκεῖνος
1437 1877 1557 1903 voca-

202 1934 278 1971 buli
305 1934 411 1979 haec,
440 1934 485 1969 de
514 1944 583 1981 qua
612 1935 778 1982 agimus,
814 1938 947 1971 natura
975 1937 1096 1970 utrum
1123 1934 1251 1982 graeci
1277 1933 1461 1971 sermonis
1489 1933 1553 1970 in-

199 2000 313 2048 genio
357 1998 576 2038 adversetur
620 1999 768 2036 necne?
822 1998 950 2046 Neque
991 2000 1087 2036 enim
1121 1999 1194 2036 ulla
1234 2008 1347 2035 causa
1375 2002 1456 2034 erat
1485 2008 1553 2035 cur

201 2066 361 2112 scriptor
386 2065 432 2103 ad
457 2064 553 2102 istud
578 2065 799 2103 vocabulum
828 2064 1063 2114 confugeret,
1091 2075 1215 2112 neque
1233 2065 1385 2101 auribus
1411 2068 1554 2112 gratam

201 2131 416 2167 varietatem
442 2141 525 2167 meo
546 2130 696 2178 quidem
723 2140 836 2167 sensu
864 2141 910 2167 eo
938 2131 1071 2177 accipit
1098 2131 1275 2167 narratio.
1302 2149 1353 2157 —-
1372 2129 1461 2167 ‚Huc
1488 2139 1557 2165 ac-

200 2196 310 2242 cedit,
340 2196 439 2244 quod
464 2209 503 2232 τε
529 2201 619 2244 part.
646 2200 731 2244 post
756 2194 875 2245 ἐκείνῃ
909 2196 999 2233 illud
1028 2197 1178 2233 omnino
1214 2205 1290 2232 non
1317 2194 1445 2240 habet,
1481 2204 1554 2242 quo

199 2262 394 2309 pertineat.
447 2261 538 2298 Nam
565 2261 612 2298 ad
640 2259 705 2295 καί
730 2259 796 2295 νῦν
835 2262 1107 2309 subsequentes
1146 2271 1260 2299 voces
1296 2261 1377 2298 sine
1416 2270 1554 2297 summa

201 2327 405 2370 duritie‘ea
431 2326 567 2364 referri
597 2326 734 2374 nequit.
