<?xml version="1.0" encoding="UTF-8"?>
<!DOCTYPE html PUBLIC "-//W3C//DTD XHTML 1.0 Transitional//EN"
    "http://www.w3.org/TR/xhtml1/DTD/xhtml1-transitional.dtd">
<html xmlns="http://www.w3.org/1999/xhtml" xml:lang="en" lang="en">
 <head>
  <title>
</title>
<meta http-equiv="Content-Type" content="text/html;charset=utf-8" />
  <meta name='ocr-system' content='tesseract 3.04.00' />
  <meta name='ocr-capabilities' content='ocr_page ocr_carea ocr_par ocr_line ocrx_word'/>
</head>
<body>
  <div class='ocr_page' id='page_1' title='image "./4738078_0024.png"; bbox 0 0 1766 2820; ppageno 0'>
   <div class='ocr_carea' id='block_1_1' title="bbox 188 110 1578 2242">
    <p class='ocr_par' dir='ltr' id='par_1_1' title="bbox 777 110 1007 159">
     <span class='ocr_line' id='line_1_1' title="bbox 777 110 1007 159; baseline -0.004 -9"><span class='ocrx_word' id='word_1_1' title='bbox 777 110 828 150; x_wconf 79' lang='grc'><strong>-”</strong></span> <span class='ocrx_word' id='word_1_2' title='bbox 879 120 906 159; x_wconf 78' lang='lat'>8</span> <span class='ocrx_word' id='word_1_3' title='bbox 958 143 1007 149; x_wconf 79' lang='grc'>-</span> 
     </span>
    </p>

    <p class='ocr_par' dir='ltr' id='par_1_2' title="bbox 206 220 1569 533">
     <span class='ocr_line' id='line_1_2' title="bbox 332 220 1568 271; baseline -0.002 -12"><span class='ocrx_word' id='word_1_4' title='bbox 332 223 435 267; x_wconf 84' lang='lat' dir='ltr'><strong>Quae</strong></span> <span class='ocrx_word' id='word_1_5' title='bbox 481 222 576 260; x_wconf 84' lang='lat' dir='ltr'><strong>duae</strong></span> <span class='ocrx_word' id='word_1_6' title='bbox 622 232 685 259; x_wconf 87' lang='lat' dir='ltr'><strong>res</strong></span> <span class='ocrx_word' id='word_1_7' title='bbox 730 234 788 259; x_wconf 90' lang='lat' dir='ltr'><strong>me</strong></span> <span class='ocrx_word' id='word_1_8' title='bbox 832 227 1029 260; x_wconf 88' lang='lat' dir='ltr'><strong>moverunt</strong></span> <span class='ocrx_word' id='word_1_9' title='bbox 1064 226 1102 260; x_wconf 92' lang='lat' dir='ltr'><strong>ut</strong></span> <span class='ocrx_word' id='word_1_10' title='bbox 1128 222 1296 260; x_wconf 90' lang='lat' dir='ltr'><strong>mendum</strong></span> <span class='ocrx_word' id='word_1_11' title='bbox 1324 224 1360 259; x_wconf 92' lang='lat' dir='ltr'><strong>in</strong></span> <span class='ocrx_word' id='word_1_12' title='bbox 1388 220 1506 271; x_wconf 75' lang='grc' dir='ltr'><em>ἐκείνῃ</em></span> <span class='ocrx_word' id='word_1_13' title='bbox 1530 235 1568 258; x_wconf 76' lang='grc' dir='ltr'><strong>τε</strong></span> 
     </span>
     <span class='ocr_line' id='line_1_3' title="bbox 208 288 1569 336; baseline -0.001 -10"><span class='ocrx_word' id='word_1_14' title='bbox 208 288 400 326; x_wconf 86' lang='lat' dir='ltr'><strong>vocabulis</strong></span> <span class='ocrx_word' id='word_1_15' title='bbox 446 298 532 325; x_wconf 85' lang='lat' dir='ltr'><strong>esse</strong></span> <span class='ocrx_word' id='word_1_16' title='bbox 560 288 782 336; x_wconf 87' lang='lat' dir='ltr'><strong>suspicarer.</strong></span> <span class='ocrx_word' id='word_1_17' title='bbox 836 288 915 325; x_wconf 88' lang='lat' dir='ltr'><strong>Nec</strong></span> <span class='ocrx_word' id='word_1_18' title='bbox 943 292 1065 325; x_wconf 81' lang='lat' dir='ltr'><strong>tamen</strong></span> <span class='ocrx_word' id='word_1_19' title='bbox 1092 298 1217 325; x_wconf 83' lang='lat' dir='ltr'><strong>earum</strong></span> <span class='ocrx_word' id='word_1_20' title='bbox 1242 288 1352 325; x_wconf 87' lang='lat' dir='ltr'><strong>ullam</strong></span> <span class='ocrx_word' id='word_1_21' title='bbox 1372 316 1382 335; x_wconf 90' lang='lat'><strong>,</strong></span> <span class='ocrx_word' id='word_1_22' title='bbox 1428 299 1522 336; x_wconf 88' lang='lat' dir='ltr'><strong>quae</strong></span> <span class='ocrx_word' id='word_1_23' title='bbox 1548 300 1569 325; x_wconf 88' lang='lat' dir='ltr'><strong>a</strong></span> 
     </span>
     <span class='ocr_line' id='line_1_4' title="bbox 206 353 1569 403; baseline 0.001 -12"><span class='ocrx_word' id='word_1_24' title='bbox 206 354 395 402; x_wconf 86' lang='lat' dir='ltr'>prioribus</span> <span class='ocrx_word' id='word_1_25' title='bbox 422 355 690 402; x_wconf 85' lang='lat' dir='ltr'><strong>interpretibus</strong></span> <span class='ocrx_word' id='word_1_26' title='bbox 728 355 943 403; x_wconf 83' lang='lat' dir='ltr'>propositae</span> <span class='ocrx_word' id='word_1_27' title='bbox 971 358 1085 401; x_wconf 91' lang='lat' dir='ltr'><strong>sunt,</strong></span> <span class='ocrx_word' id='word_1_28' title='bbox 1131 353 1351 392; x_wconf 87' lang='lat' dir='ltr'><strong>emendandi</strong></span> <span class='ocrx_word' id='word_1_29' title='bbox 1386 355 1569 392; x_wconf 86' lang='lat' dir='ltr'><strong>rationum</strong></span> 
     </span>
     <span class='ocr_line' id='line_1_5' title="bbox 209 420 1569 468; baseline 0 -12"><span class='ocrx_word' id='word_1_30' title='bbox 209 420 382 467; x_wconf 82' lang='lat' dir='ltr'><strong>amplecti</strong></span> <span class='ocrx_word' id='word_1_31' title='bbox 406 420 559 468; x_wconf 83' lang='lat' dir='ltr'><strong>placuit,</strong></span> <span class='ocrx_word' id='word_1_32' title='bbox 588 420 759 467; x_wconf 89' lang='lat' dir='ltr'><strong>quoniam</strong></span> <span class='ocrx_word' id='word_1_33' title='bbox 786 421 925 457; x_wconf 86' lang='lat' dir='ltr'><strong>nullam</strong></span> <span class='ocrx_word' id='word_1_34' title='bbox 953 420 1059 456; x_wconf 82' lang='lat' dir='ltr'><strong>aliam</strong></span> <span class='ocrx_word' id='word_1_35' title='bbox 1086 420 1275 457; x_wconf 83' lang='lat' dir='ltr'><strong>sanandae</strong></span> <span class='ocrx_word' id='word_1_36' title='bbox 1303 421 1569 458; x_wconf 78' lang='lat' dir='ltr'><strong>enuntiationis</strong></span> 
     </span>
     <span class='ocr_line' id='line_1_6' title="bbox 210 484 1226 533; baseline 0 -11"><span class='ocrx_word' id='word_1_37' title='bbox 210 484 440 522; x_wconf 89' lang='lat' dir='ltr'><strong>medecinam</strong></span> <span class='ocrx_word' id='word_1_38' title='bbox 468 489 596 522; x_wconf 86' lang='lat' dir='ltr'><strong>extare</strong></span> <span class='ocrx_word' id='word_1_39' title='bbox 622 495 841 533; x_wconf 89' lang='lat' dir='ltr'><strong>persuasum</strong></span> <span class='ocrx_word' id='word_1_40' title='bbox 867 485 987 522; x_wconf 88' lang='lat' dir='ltr'><strong>habeo</strong></span> <span class='ocrx_word' id='word_1_41' title='bbox 1016 486 1087 522; x_wconf 90' lang='lat' dir='ltr'><strong>nisi</strong></span> <span class='ocrx_word' id='word_1_42' title='bbox 1113 486 1226 522; x_wconf 85' lang='lat' dir='ltr'><strong>hanc:</strong></span> 
     </span>
    </p>

    <p class='ocr_par' dir='ltr' id='par_1_3' title="bbox 390 545 1347 599">
     <span class='ocr_line' id='line_1_7' title="bbox 390 545 1347 599; baseline 0.003 -15"><span class='ocrx_word' id='word_1_43' title='bbox 390 571 441 577; x_wconf 92' lang='lat'><strong>-—</strong></span> <span class='ocrx_word' id='word_1_44' title='bbox 468 545 516 586; x_wconf 71' lang='grc' dir='ltr'><strong>εὖ</strong></span> <span class='ocrx_word' id='word_1_45' title='bbox 544 549 742 599; x_wconf 78' lang='grc' dir='ltr'><em>κειμένῃ</em></span> <span class='ocrx_word' id='word_1_46' title='bbox 769 563 815 585; x_wconf 86' lang='grc' dir='ltr'><strong>τε</strong></span> <span class='ocrx_word' id='word_1_47' title='bbox 842 549 928 586; x_wconf 80' lang='grc' dir='ltr'><em>καί</em></span> <span class='ocrx_word' id='word_1_48' title='bbox 953 550 1095 599; x_wconf 77' lang='grc' dir='ltr'><em>ἐγγὺς</em></span> <span class='ocrx_word' id='word_1_49' title='bbox 1122 546 1245 599; x_wconf 68' lang='grc' dir='ltr'>οὔσῃ</span> <span class='ocrx_word' id='word_1_50' title='bbox 1273 550 1347 587; x_wconf 76' lang='grc' dir='ltr'>κτὲ.</span> 
     </span>
    </p>

    <p class='ocr_par' dir='ltr' id='par_1_4' title="bbox 188 609 1574 1651">
     <span class='ocr_line' id='line_1_8' title="bbox 337 609 1570 666; baseline 0 -13"><span class='ocrx_word' id='word_1_51' title='bbox 337 616 476 664; x_wconf 88' lang='lat' dir='ltr'><strong>Nempe</strong></span> <span class='ocrx_word' id='word_1_52' title='bbox 516 609 557 653; x_wconf 81' lang='grc' dir='ltr'><strong>εὖ</strong></span> <span class='ocrx_word' id='word_1_53' title='bbox 584 614 733 666; x_wconf 72' lang='grc' dir='ltr'><em>κειμένῃ</em></span> <span class='ocrx_word' id='word_1_54' title='bbox 776 626 909 653; x_wconf 90' lang='lat' dir='ltr'><strong>vocum</strong></span> <span class='ocrx_word' id='word_1_55' title='bbox 951 627 1020 664; x_wconf 89' lang='lat' dir='ltr'><strong>per</strong></span> <span class='ocrx_word' id='word_1_56' title='bbox 1054 616 1311 664; x_wconf 89' lang='lat' dir='ltr'><strong>compendium</strong></span> <span class='ocrx_word' id='word_1_57' title='bbox 1339 620 1570 654; x_wconf 83' lang='lat' dir='ltr'><strong>exaratarum</strong></span> 
     </span>
     <span class='ocr_line' id='line_1_9' title="bbox 209 680 1569 729; baseline 0 -11"><span class='ocrx_word' id='word_1_58' title='bbox 209 681 365 719; x_wconf 81' lang='lat' dir='ltr'><strong>formam</strong></span> <span class='ocrx_word' id='word_1_59' title='bbox 402 681 503 718; x_wconf 82' lang='lat' dir='ltr'><strong>haud</strong></span> <span class='ocrx_word' id='word_1_60' title='bbox 538 682 752 718; x_wconf 89' lang='lat' dir='ltr'><strong>dissimilem</strong></span> <span class='ocrx_word' id='word_1_61' title='bbox 778 682 896 718; x_wconf 84' lang='lat' dir='ltr'><strong>fuisse</strong></span> <span class='ocrx_word' id='word_1_62' title='bbox 924 681 1066 718; x_wconf 85' lang='lat' dir='ltr'><strong>formae</strong></span> <span class='ocrx_word' id='word_1_63' title='bbox 1110 680 1230 729; x_wconf 74' lang='grc' dir='ltr'><em>ἐκείνῃ</em></span> <span class='ocrx_word' id='word_1_64' title='bbox 1255 682 1354 718; x_wconf 91' lang='lat' dir='ltr'><strong>illius</strong></span> <span class='ocrx_word' id='word_1_65' title='bbox 1378 682 1469 718; x_wconf 92' lang='lat' dir='ltr'><strong>nihil</strong></span> <span class='ocrx_word' id='word_1_66' title='bbox 1496 683 1569 718; x_wconf 88' lang='lat' dir='ltr'><strong>im-</strong></span> 
     </span>
     <span class='ocr_line' id='line_1_10' title="bbox 207 745 1570 795; baseline 0 -11"><span class='ocrx_word' id='word_1_67' title='bbox 207 747 312 795; x_wconf 90' lang='lat' dir='ltr'><strong>pedit</strong></span> <span class='ocrx_word' id='word_1_68' title='bbox 337 757 411 795; x_wconf 91' lang='lat' dir='ltr'><strong>quo</strong></span> <span class='ocrx_word' id='word_1_69' title='bbox 439 747 561 784; x_wconf 89' lang='lat' dir='ltr'><strong>minus</strong></span> <span class='ocrx_word' id='word_1_70' title='bbox 589 747 822 795; x_wconf 88' lang='lat' dir='ltr'><strong>accipiamus.</strong></span> <span class='ocrx_word' id='word_1_71' title='bbox 851 767 900 774; x_wconf 91' lang='lat'>—</span> <span class='ocrx_word' id='word_1_72' title='bbox 929 746 1036 783; x_wconf 92' lang='lat' dir='ltr'><strong>Haud</strong></span> <span class='ocrx_word' id='word_1_73' title='bbox 1078 758 1167 784; x_wconf 88' lang='lat' dir='ltr'><strong>raro</strong></span> <span class='ocrx_word' id='word_1_74' title='bbox 1210 751 1335 784; x_wconf 87' lang='lat' dir='ltr'><strong>autem</strong></span> <span class='ocrx_word' id='word_1_75' title='bbox 1362 745 1427 782; x_wconf 84' lang='grc' dir='ltr'><em>καί</em></span> <span class='ocrx_word' id='word_1_76' title='bbox 1450 748 1570 795; x_wconf 89' lang='lat' dir='ltr'><strong>parti-</strong></span> 
     </span>
     <span class='ocr_line' id='line_1_11' title="bbox 209 812 1567 861; baseline -0.001 -10"><span class='ocrx_word' id='word_1_77' title='bbox 209 813 295 851; x_wconf 87' lang='lat' dir='ltr'><strong>cula</strong></span> <span class='ocrx_word' id='word_1_78' title='bbox 321 823 388 861; x_wconf 89' lang='lat' dir='ltr'><strong>per</strong></span> <span class='ocrx_word' id='word_1_79' title='bbox 415 823 582 850; x_wconf 89' lang='lat' dir='ltr'><strong>errorem</strong></span> <span class='ocrx_word' id='word_1_80' title='bbox 609 814 746 850; x_wconf 91' lang='lat' dir='ltr'><strong>omissa</strong></span> <span class='ocrx_word' id='word_1_81' title='bbox 775 816 851 849; x_wconf 88' lang='lat' dir='ltr'><strong>est:</strong></span> <span class='ocrx_word' id='word_1_82' title='bbox 880 813 936 849; x_wconf 90' lang='lat' dir='ltr'><strong>sic</strong></span> <span class='ocrx_word' id='word_1_83' title='bbox 962 813 1024 859; x_wconf 91' lang='lat' dir='ltr'><strong>VI,</strong></span> <span class='ocrx_word' id='word_1_84' title='bbox 1054 812 1116 860; x_wconf 82' lang='lat'><strong>72,</strong></span> <span class='ocrx_word' id='word_1_85' title='bbox 1144 817 1185 849; x_wconf 93' lang='lat' dir='ltr'><strong>ut</strong></span> <span class='ocrx_word' id='word_1_86' title='bbox 1211 812 1282 849; x_wconf 90' lang='lat' dir='ltr'><strong>hoc</strong></span> <span class='ocrx_word' id='word_1_87' title='bbox 1310 813 1479 861; x_wconf 85' lang='lat' dir='ltr'><strong>exemplo</strong></span> <span class='ocrx_word' id='word_1_88' title='bbox 1508 824 1567 850; x_wconf 90' lang='lat' dir='ltr'><strong>me</strong></span> 
     </span>
     <span class='ocr_line' id='line_1_12' title="bbox 214 871 1571 927; baseline -0.001 -9"><span class='ocrx_word' id='word_1_89' title='bbox 214 882 440 926; x_wconf 87' lang='lat' dir='ltr'><strong>contineam,</strong></span> <span class='ocrx_word' id='word_1_90' title='bbox 468 879 532 917; x_wconf 93' lang='lat' dir='ltr'><strong>ubi</strong></span> <span class='ocrx_word' id='word_1_91' title='bbox 559 879 655 916; x_wconf 86' lang='lat' dir='ltr'><strong>falso</strong></span> <span class='ocrx_word' id='word_1_92' title='bbox 679 878 829 915; x_wconf 89' lang='lat' dir='ltr'><strong>codices</strong></span> <span class='ocrx_word' id='word_1_93' title='bbox 850 878 1044 916; x_wconf 85' lang='lat' dir='ltr'><strong>exhibent:</strong></span> <span class='ocrx_word' id='word_1_94' title='bbox 1073 871 1199 920; x_wconf 79' lang='grc' dir='ltr'><strong><em>ἄλλως</em></strong></span> <span class='ocrx_word' id='word_1_95' title='bbox 1221 891 1259 915; x_wconf 81' lang='grc' dir='ltr'><strong>τε</strong></span> <span class='ocrx_word' id='word_1_96' title='bbox 1285 889 1353 927; x_wconf 90' lang='lat' dir='ltr'><strong>pro</strong></span> <span class='ocrx_word' id='word_1_97' title='bbox 1379 875 1504 921; x_wconf 76' lang='grc' dir='ltr'><strong><em>ἄλλως</em></strong></span> <span class='ocrx_word' id='word_1_98' title='bbox 1533 892 1571 916; x_wconf 81' lang='grc' dir='ltr'><strong>τε</strong></span> 
     </span>
     <span class='ocr_line' id='line_1_13' title="bbox 212 939 1574 992; baseline 0.001 -11"><span class='ocrx_word' id='word_1_99' title='bbox 212 943 290 982; x_wconf 81' lang='grc' dir='ltr'><strong>καί.</strong></span> <span class='ocrx_word' id='word_1_100' title='bbox 323 966 366 972; x_wconf 93' lang='grc'><strong>-</strong></span> <span class='ocrx_word' id='word_1_101' title='bbox 399 945 569 992; x_wconf 90' lang='lat' dir='ltr'><strong>Denique</strong></span> <span class='ocrx_word' id='word_1_102' title='bbox 597 944 695 992; x_wconf 90' lang='lat' dir='ltr'><strong>quod</strong></span> <span class='ocrx_word' id='word_1_103' title='bbox 723 944 768 980; x_wconf 90' lang='lat' dir='ltr'><strong>ad</strong></span> <span class='ocrx_word' id='word_1_104' title='bbox 809 944 924 992; x_wconf 91' lang='lat' dir='ltr'><strong>ipsam</strong></span> <span class='ocrx_word' id='word_1_105' title='bbox 952 944 1149 982; x_wconf 90' lang='lat' dir='ltr'><strong>dictionem</strong></span> <span class='ocrx_word' id='word_1_106' title='bbox 1174 939 1214 981; x_wconf 74' lang='grc' dir='ltr'><strong>εὖ</strong></span> <span class='ocrx_word' id='word_1_107' title='bbox 1252 945 1401 982; x_wconf 72' lang='grc' dir='ltr'><em>κεῖσθαι</em></span> <span class='ocrx_word' id='word_1_108' title='bbox 1427 946 1574 992; x_wconf 86' lang='lat' dir='ltr'><strong>attinet,</strong></span> 
     </span>
     <span class='ocr_line' id='line_1_14' title="bbox 212 1009 1573 1060; baseline -0.001 -12"><span class='ocrx_word' id='word_1_109' title='bbox 212 1011 346 1060; x_wconf 90' lang='lat' dir='ltr'><strong>quippe</strong></span> <span class='ocrx_word' id='word_1_110' title='bbox 374 1011 413 1047; x_wconf 92' lang='lat' dir='ltr'><strong>in</strong></span> <span class='ocrx_word' id='word_1_111' title='bbox 440 1020 514 1058; x_wconf 91' lang='lat' dir='ltr'><strong>qua</strong></span> <span class='ocrx_word' id='word_1_112' title='bbox 540 1010 628 1047; x_wconf 92' lang='lat' dir='ltr'><strong>insit</strong></span> <span class='ocrx_word' id='word_1_113' title='bbox 653 1009 767 1059; x_wconf 88' lang='lat' dir='ltr'><strong>volgo</strong></span> <span class='ocrx_word' id='word_1_114' title='bbox 793 1010 909 1057; x_wconf 88' lang='lat' dir='ltr'><strong>„bene</strong></span> <span class='ocrx_word' id='word_1_115' title='bbox 936 1020 1023 1047; x_wconf 88' lang='lat' dir='ltr'><strong>sese</strong></span> <span class='ocrx_word' id='word_1_116' title='bbox 1066 1009 1226 1047; x_wconf 89' lang='lat' dir='ltr'><strong>habere“</strong></span> <span class='ocrx_word' id='word_1_117' title='bbox 1253 1011 1358 1047; x_wconf 89' lang='lat' dir='ltr'><strong>notio</strong></span> <span class='ocrx_word' id='word_1_118' title='bbox 1385 1027 1423 1041; x_wconf 95' lang='lat'><strong><em>=</em></strong></span> <span class='ocrx_word' id='word_1_119' title='bbox 1450 1009 1573 1053; x_wconf 79' lang='grc' dir='ltr'><strong><em>καλῶς</em></strong></span> 
     </span>
     <span class='ocr_line' id='line_1_15' title="bbox 211 1069 1570 1124; baseline -0.001 -12"><span class='ocrx_word' id='word_1_120' title='bbox 211 1074 320 1123; x_wconf 47' lang='lat' dir='ltr'><strong>Quat,</strong></span> <span class='ocrx_word' id='word_1_121' title='bbox 348 1076 460 1113; x_wconf 79' lang='lat' dir='ltr'><strong>veluti</strong></span> <span class='ocrx_word' id='word_1_122' title='bbox 487 1087 544 1124; x_wconf 84' lang='lat' dir='ltr'><strong>ap.</strong></span> <span class='ocrx_word' id='word_1_123' title='bbox 564 1075 702 1113; x_wconf 85' lang='lat' dir='ltr'><strong>Herod.</strong></span> <span class='ocrx_word' id='word_1_124' title='bbox 730 1076 826 1121; x_wconf 88' lang='lat' dir='ltr'>VIII,</span> <span class='ocrx_word' id='word_1_125' title='bbox 855 1076 939 1114; x_wconf 83' lang='grc'>102.</span> <span class='ocrx_word' id='word_1_126' title='bbox 968 1069 1008 1110; x_wconf 73' lang='grc' dir='ltr'><strong>εὖ</strong></span> <span class='ocrx_word' id='word_1_127' title='bbox 1034 1072 1212 1120; x_wconf 79' lang='grc' dir='ltr'><em>κειμένων</em></span> <span class='ocrx_word' id='word_1_128' title='bbox 1237 1074 1310 1111; x_wconf 82' lang='grc' dir='ltr'><strong>τῶν</strong></span> <span class='ocrx_word' id='word_1_129' title='bbox 1329 1072 1570 1124; x_wconf 79' lang='grc' dir='ltr'><em>πραγμάτων,</em></span> 
     </span>
     <span class='ocr_line' id='line_1_16' title="bbox 212 1141 1573 1190; baseline -0.001 -11"><span class='ocrx_word' id='word_1_130' title='bbox 212 1141 302 1190; x_wconf 89' lang='lat' dir='ltr'><strong>quid</strong></span> <span class='ocrx_word' id='word_1_131' title='bbox 330 1141 472 1188; x_wconf 85' lang='lat' dir='ltr'><strong>obstat,</strong></span> <span class='ocrx_word' id='word_1_132' title='bbox 513 1142 709 1189; x_wconf 90' lang='lat' dir='ltr'><strong>quominus</strong></span> <span class='ocrx_word' id='word_1_133' title='bbox 748 1141 795 1178; x_wconf 86' lang='lat' dir='ltr'><strong>ad</strong></span> <span class='ocrx_word' id='word_1_134' title='bbox 829 1141 1037 1188; x_wconf 85' lang='lat' dir='ltr'><strong>primariam</strong></span> <span class='ocrx_word' id='word_1_135' title='bbox 1078 1141 1186 1179; x_wconf 91' lang='lat' dir='ltr'><strong>huius</strong></span> <span class='ocrx_word' id='word_1_136' title='bbox 1213 1141 1378 1178; x_wconf 90' lang='lat' dir='ltr'><strong>notionis</strong></span> <span class='ocrx_word' id='word_1_137' title='bbox 1406 1142 1479 1178; x_wconf 89' lang='lat' dir='ltr'><strong>vim</strong></span> <span class='ocrx_word' id='word_1_138' title='bbox 1505 1151 1573 1178; x_wconf 90' lang='lat' dir='ltr'><strong>re-</strong></span> 
     </span>
     <span class='ocr_line' id='line_1_17' title="bbox 209 1201 1570 1256; baseline 0 -13"><span class='ocrx_word' id='word_1_139' title='bbox 209 1211 408 1245; x_wconf 68' lang='lat' dir='ltr'><strong>vertentes·</strong></span> <span class='ocrx_word' id='word_1_140' title='bbox 429 1211 657 1252; x_wconf 85' lang='lat' dir='ltr'><strong>statuamus,</strong></span> <span class='ocrx_word' id='word_1_141' title='bbox 697 1201 737 1244; x_wconf 74' lang='grc' dir='ltr'><strong>εὖ</strong></span> <span class='ocrx_word' id='word_1_142' title='bbox 765 1207 911 1241; x_wconf 73' lang='grc' dir='ltr'><em>κεῖσθαι</em></span> <span class='ocrx_word' id='word_1_143' title='bbox 937 1207 1030 1243; x_wconf 90' lang='lat' dir='ltr'><strong>illud</strong></span> <span class='ocrx_word' id='word_1_144' title='bbox 1057 1217 1212 1255; x_wconf 90' lang='lat' dir='ltr'><strong>prorsus</strong></span> <span class='ocrx_word' id='word_1_145' title='bbox 1239 1207 1395 1244; x_wconf 90' lang='lat' dir='ltr'><strong>eandem</strong></span> <span class='ocrx_word' id='word_1_146' title='bbox 1423 1207 1570 1256; x_wconf 86' lang='lat' dir='ltr'><strong>signifi-</strong></span> 
     </span>
     <span class='ocr_line' id='line_1_18' title="bbox 188 1272 1571 1320; baseline -0.001 -10"><span class='ocrx_word' id='word_1_147' title='bbox 188 1273 396 1310; x_wconf 67' lang='lat' dir='ltr'><strong>vcationem</strong></span> <span class='ocrx_word' id='word_1_148' title='bbox 422 1272 566 1310; x_wconf 88' lang='lat' dir='ltr'><strong>habere</strong></span> <span class='ocrx_word' id='word_1_149' title='bbox 594 1272 736 1320; x_wconf 82' lang='lat' dir='ltr'><strong>qualem</strong></span> <span class='ocrx_word' id='word_1_150' title='bbox 775 1272 899 1314; x_wconf 81' lang='grc' dir='ltr'><strong><em>καλῶς</em></strong></span> <span class='ocrx_word' id='word_1_151' title='bbox 926 1272 1074 1307; x_wconf 74' lang='grc' dir='ltr'><em>κεῖσθαι</em></span> <span class='ocrx_word' id='word_1_152' title='bbox 1098 1272 1239 1319; x_wconf 89' lang='lat' dir='ltr'><strong>verba,</strong></span> <span class='ocrx_word' id='word_1_153' title='bbox 1268 1282 1364 1320; x_wconf 87' lang='lat' dir='ltr'><strong>quae</strong></span> <span class='ocrx_word' id='word_1_154' title='bbox 1383 1272 1430 1309; x_wconf 89' lang='lat' dir='ltr'><strong>de</strong></span> <span class='ocrx_word' id='word_1_155' title='bbox 1449 1272 1571 1310; x_wconf 87' lang='lat' dir='ltr'><strong>insula</strong></span> 
     </span>
     <span class='ocr_line' id='line_1_19' title="bbox 209 1333 1572 1386; baseline -0.002 -10"><span class='ocrx_word' id='word_1_156' title='bbox 209 1338 401 1386; x_wconf 82' lang='lat' dir='ltr'><strong>praedicat</strong></span> <span class='ocrx_word' id='word_1_157' title='bbox 418 1339 531 1376; x_wconf 89' lang='lat' dir='ltr'><strong>Thuc.</strong></span> <span class='ocrx_word' id='word_1_158' title='bbox 549 1339 576 1385; x_wconf 86' lang='lat'><strong>1,</strong></span> <span class='ocrx_word' id='word_1_159' title='bbox 591 1338 655 1385; x_wconf 88' lang='grc'><strong>44,</strong></span> <span class='ocrx_word' id='word_1_160' title='bbox 669 1339 713 1377; x_wconf 79' lang='lat'><strong>2:</strong></span> <span class='ocrx_word' id='word_1_161' title='bbox 741 1359 791 1365; x_wconf 92' lang='lat'>—</span> <span class='ocrx_word' id='word_1_162' title='bbox 818 1336 897 1384; x_wconf 81' lang='grc' dir='ltr'><strong>ἅμα</strong></span> <span class='ocrx_word' id='word_1_163' title='bbox 915 1338 956 1375; x_wconf 80' lang='grc' dir='ltr'><strong>δὲ</strong></span> <span class='ocrx_word' id='word_1_164' title='bbox 982 1338 1050 1385; x_wconf 81' lang='grc' dir='ltr'><strong>τῆς</strong></span> <span class='ocrx_word' id='word_1_165' title='bbox 1077 1352 1114 1376; x_wconf 78' lang='grc' dir='ltr'><strong>τε</strong></span> <span class='ocrx_word' id='word_1_166' title='bbox 1128 1333 1291 1380; x_wconf 77' lang='grc' dir='ltr'><strong><em>Ἰταλίας</em></strong></span> <span class='ocrx_word' id='word_1_167' title='bbox 1317 1335 1383 1373; x_wconf 75' lang='grc' dir='ltr'><strong>καὶ</strong></span> <span class='ocrx_word' id='word_1_168' title='bbox 1399 1336 1572 1381; x_wconf 74' lang='grc' dir='ltr'><strong><em>Σικελίας</em></strong></span> 
     </span>
     <span class='ocr_line' id='line_1_20' title="bbox 209 1399 1570 1453; baseline 0.002 -15"><span class='ocrx_word' id='word_1_169' title='bbox 209 1402 369 1447; x_wconf 76' lang='grc' dir='ltr'><strong><em>καλῶς</em></strong></span> <span class='ocrx_word' id='word_1_170' title='bbox 396 1401 566 1453; x_wconf 73' lang='grc' dir='ltr'><em>ἐφαίνετο</em></span> <span class='ocrx_word' id='word_1_171' title='bbox 593 1399 722 1445; x_wconf 80' lang='grc' dir='ltr'><strong><em>αὐτοῖς</em></strong></span> <span class='ocrx_word' id='word_1_172' title='bbox 741 1399 762 1451; x_wconf 77' lang='grc' dir='ltr'><em>ἢ</em></span> <span class='ocrx_word' id='word_1_173' title='bbox 783 1403 897 1451; x_wconf 83' lang='grc' dir='ltr'><em>νῆσος</em></span> <span class='ocrx_word' id='word_1_174' title='bbox 926 1401 966 1438; x_wconf 83' lang='grc' dir='ltr'><strong>ἐν</strong></span> <span class='ocrx_word' id='word_1_175' title='bbox 991 1401 1175 1451; x_wconf 77' lang='grc' dir='ltr'><em>παράπλῳ</em></span> <span class='ocrx_word' id='word_1_176' title='bbox 1204 1415 1251 1439; x_wconf 85' lang='grc' dir='ltr'><strong>κε</strong></span> <span class='ocrx_word' id='word_1_177' title='bbox 1266 1405 1389 1439; x_wconf 74' lang='grc' dir='ltr'><strong><em>ἴσθα</em></strong></span> <span class='ocrx_word' id='word_1_178' title='bbox 1402 1416 1427 1439; x_wconf 90' lang='grc' dir='ltr'><strong>ι.</strong></span> <span class='ocrx_word' id='word_1_179' title='bbox 1462 1403 1490 1449; x_wconf 92' lang='lat' dir='ltr'><strong>I,</strong></span> <span class='ocrx_word' id='word_1_180' title='bbox 1506 1402 1570 1450; x_wconf 87' lang='lat'><strong>36,</strong></span> 
     </span>
     <span class='ocr_line' id='line_1_21' title="bbox 211 1463 1574 1518; baseline -0.001 -10"><span class='ocrx_word' id='word_1_181' title='bbox 211 1470 256 1509; x_wconf 86' lang='lat'><strong>3:</strong></span> <span class='ocrx_word' id='word_1_182' title='bbox 284 1470 351 1517; x_wconf 79' lang='grc' dir='ltr'><strong>τῆς</strong></span> <span class='ocrx_word' id='word_1_183' title='bbox 375 1468 417 1506; x_wconf 79' lang='grc' dir='ltr'><strong>δὲ</strong></span> <span class='ocrx_word' id='word_1_184' title='bbox 443 1470 515 1518; x_wconf 75' lang='grc' dir='ltr'><strong>γὰρ</strong></span> <span class='ocrx_word' id='word_1_185' title='bbox 539 1463 703 1513; x_wconf 76' lang='grc' dir='ltr'><strong><em>Ἰταλίας</em></strong></span> <span class='ocrx_word' id='word_1_186' title='bbox 722 1467 787 1505; x_wconf 82' lang='grc' dir='ltr'><em>καί</em></span> <span class='ocrx_word' id='word_1_187' title='bbox 803 1467 977 1511; x_wconf 77' lang='grc' dir='ltr'><em>Σικελίας</em></span> <span class='ocrx_word' id='word_1_188' title='bbox 1005 1482 1025 1503; x_wconf 85' lang='grc' dir='ltr'><strong>κ</strong></span> <span class='ocrx_word' id='word_1_189' title='bbox 1040 1469 1167 1512; x_wconf 80' lang='grc' dir='ltr'><strong>αλῶς</strong></span> <span class='ocrx_word' id='word_1_190' title='bbox 1191 1466 1393 1515; x_wconf 77' lang='grc' dir='ltr'><strong><em>παράπλου</em></strong></span> <span class='ocrx_word' id='word_1_191' title='bbox 1417 1473 1574 1506; x_wconf 80' lang='grc' dir='ltr'><em>κεῖται</em></span> 
     </span>
     <span class='ocr_line' id='line_1_22' title="bbox 213 1527 1574 1583; baseline 0 -12"><span class='ocrx_word' id='word_1_192' title='bbox 213 1532 302 1582; x_wconf 57' lang='lat' dir='ltr'><strong>xri„</strong></span> <span class='ocrx_word' id='word_1_193' title='bbox 339 1535 385 1572; x_wconf 85' lang='lat' dir='ltr'><strong>cf.</strong></span> <span class='ocrx_word' id='word_1_194' title='bbox 414 1535 443 1583; x_wconf 90' lang='lat' dir='ltr'><strong>I,</strong></span> <span class='ocrx_word' id='word_1_195' title='bbox 470 1535 535 1582; x_wconf 85' lang='lat'><strong>37,</strong></span> <span class='ocrx_word' id='word_1_196' title='bbox 563 1536 607 1575; x_wconf 83' lang='lat'><strong>2:</strong></span> <span class='ocrx_word' id='word_1_197' title='bbox 636 1532 702 1570; x_wconf 80' lang='grc' dir='ltr'><em>καί</em></span> <span class='ocrx_word' id='word_1_198' title='bbox 726 1534 750 1583; x_wconf 82' lang='grc' dir='ltr'>ἡ</span> <span class='ocrx_word' id='word_1_199' title='bbox 776 1531 886 1577; x_wconf 83' lang='grc' dir='ltr'><strong><em>πόλις</em></strong></span> <span class='ocrx_word' id='word_1_200' title='bbox 914 1529 1039 1583; x_wconf 77' lang='grc' dir='ltr'><em>αὖτῷν</em></span> <span class='ocrx_word' id='word_1_201' title='bbox 1066 1531 1157 1579; x_wconf 79' lang='grc' dir='ltr'>ἅμα,</span> <span class='ocrx_word' id='word_1_202' title='bbox 1185 1527 1404 1581; x_wconf 75' lang='grc' dir='ltr'><em>αὐτάρκη</em></span> <span class='ocrx_word' id='word_1_203' title='bbox 1430 1532 1574 1571; x_wconf 74' lang='grc' dir='ltr'><em>θέσιν</em></span> 
     </span>
     <span class='ocr_line' id='line_1_23' title="bbox 213 1601 1352 1651; baseline 0.004 -14"><span class='ocrx_word' id='word_1_204' title='bbox 213 1615 235 1638; x_wconf 85' lang='grc' dir='ltr'><strong><em>κ</em></strong></span> <span class='ocrx_word' id='word_1_205' title='bbox 245 1615 261 1638; x_wconf 82' lang='grc' dir='ltr'><strong><em>ε</em></strong></span> <span class='ocrx_word' id='word_1_206' title='bbox 276 1615 288 1637; x_wconf 85' lang='grc' dir='ltr'><em>ι</em></span> <span class='ocrx_word' id='word_1_207' title='bbox 296 1615 327 1648; x_wconf 85' lang='grc' dir='ltr'><em>μ</em></span> <span class='ocrx_word' id='word_1_208' title='bbox 340 1601 360 1638; x_wconf 84' lang='grc' dir='ltr'><strong>ε’</strong></span> <span class='ocrx_word' id='word_1_209' title='bbox 368 1615 388 1638; x_wconf 82' lang='grc' dir='ltr'><em>ν</em></span> <span class='ocrx_word' id='word_1_210' title='bbox 398 1617 433 1651; x_wconf 87' lang='grc' dir='ltr'><strong>η.</strong></span> <span class='ocrx_word' id='word_1_211' title='bbox 1350 1639 1352 1642; x_wconf 29' lang='lat'><strong>⁴</strong></span> 
     </span>
    </p>

    <p class='ocr_par' dir='ltr' id='par_1_5' title="bbox 211 1660 1574 1913">
     <span class='ocr_line' id='line_1_24' title="bbox 346 1660 1574 1715; baseline -0.002 -9"><span class='ocrx_word' id='word_1_212' title='bbox 346 1668 570 1715; x_wconf 89' lang='lat' dir='ltr'><strong>Saepissime</strong></span> <span class='ocrx_word' id='word_1_213' title='bbox 607 1677 700 1705; x_wconf 86' lang='lat' dir='ltr'><strong>vero</strong></span> <span class='ocrx_word' id='word_1_214' title='bbox 726 1667 840 1704; x_wconf 85' lang='lat' dir='ltr'><strong>Thuc.</strong></span> <span class='ocrx_word' id='word_1_215' title='bbox 870 1660 911 1702; x_wconf 71' lang='grc' dir='ltr'><strong>εὖ</strong></span> <span class='ocrx_word' id='word_1_216' title='bbox 936 1676 1031 1702; x_wconf 89' lang='lat' dir='ltr'><strong>voce</strong></span> <span class='ocrx_word' id='word_1_217' title='bbox 1057 1666 1143 1702; x_wconf 91' lang='lat' dir='ltr'><strong>loco</strong></span> <span class='ocrx_word' id='word_1_218' title='bbox 1172 1665 1297 1709; x_wconf 76' lang='grc' dir='ltr'><strong><em>καλῶς</em></strong></span> <span class='ocrx_word' id='word_1_219' title='bbox 1323 1667 1451 1713; x_wconf 89' lang='lat' dir='ltr'><strong>utitur,</strong></span> <span class='ocrx_word' id='word_1_220' title='bbox 1478 1670 1520 1703; x_wconf 91' lang='lat' dir='ltr'><strong>ut</strong></span> <span class='ocrx_word' id='word_1_221' title='bbox 1546 1667 1574 1713; x_wconf 86' lang='lat'><strong>1,</strong></span> 
     </span>
     <span class='ocr_line' id='line_1_25' title="bbox 213 1727 1574 1780; baseline -0.002 -8"><span class='ocrx_word' id='word_1_222' title='bbox 213 1733 301 1780; x_wconf 84' lang='lat'><strong>120,</strong></span> <span class='ocrx_word' id='word_1_223' title='bbox 329 1733 372 1773; x_wconf 83' lang='lat'><strong>3:</strong></span> <span class='ocrx_word' id='word_1_224' title='bbox 408 1727 456 1770; x_wconf 74' lang='grc' dir='ltr'><strong>εὖ</strong></span> <span class='ocrx_word' id='word_1_225' title='bbox 491 1731 531 1771; x_wconf 79' lang='grc' dir='ltr'><strong>δὲ</strong></span> <span class='ocrx_word' id='word_1_226' title='bbox 563 1729 817 1780; x_wconf 84' lang='grc' dir='ltr'><strong>παρασχόν</strong></span> <span class='ocrx_word' id='word_1_227' title='bbox 861 1731 903 1768; x_wconf 79' lang='grc' dir='ltr'><strong>ἐκ</strong></span> <span class='ocrx_word' id='word_1_228' title='bbox 938 1730 1110 1777; x_wconf 83' lang='grc' dir='ltr'><strong><em>πολέμου</em></strong></span> <span class='ocrx_word' id='word_1_229' title='bbox 1146 1729 1260 1768; x_wconf 82' lang='grc' dir='ltr'><strong>πάλιν</strong></span> <span class='ocrx_word' id='word_1_230' title='bbox 1286 1731 1483 1778; x_wconf 78' lang='grc' dir='ltr'><em>ξυμβῆναι.</em></span> <span class='ocrx_word' id='word_1_231' title='bbox 1525 1731 1574 1769; x_wconf 84' lang='lat' dir='ltr'><strong>cf.</strong></span> 
     </span>
     <span class='ocr_line' id='line_1_26' title="bbox 211 1790 1574 1851; baseline -0.003 -15"><span class='ocrx_word' id='word_1_232' title='bbox 211 1801 373 1843; x_wconf 83' lang='grc' dir='ltr'><strong><em>καλῶς</em></strong></span> <span class='ocrx_word' id='word_1_233' title='bbox 398 1795 684 1848; x_wconf 74' lang='grc' dir='ltr'><strong><em>παρασχόνε</em></strong></span> <span class='ocrx_word' id='word_1_234' title='bbox 713 1798 757 1844; x_wconf 90' lang='lat' dir='ltr'><strong>V,</strong></span> <span class='ocrx_word' id='word_1_235' title='bbox 789 1796 849 1851; x_wconf 70' lang='grc'><strong>14,</strong></span> <span class='ocrx_word' id='word_1_236' title='bbox 881 1799 921 1842; x_wconf 89' lang='lat'><strong>1;</strong></span> <span class='ocrx_word' id='word_1_237' title='bbox 951 1796 1015 1841; x_wconf 89' lang='lat'><strong>60,</strong></span> <span class='ocrx_word' id='word_1_238' title='bbox 1045 1796 1089 1842; x_wconf 79' lang='lat'><strong>43</strong></span> <span class='ocrx_word' id='word_1_239' title='bbox 1118 1795 1181 1844; x_wconf 88' lang='grc'><strong>63,</strong></span> <span class='ocrx_word' id='word_1_240' title='bbox 1213 1797 1245 1836; x_wconf 84' lang='lat'><strong>1.</strong></span> <span class='ocrx_word' id='word_1_241' title='bbox 1273 1790 1321 1832; x_wconf 79' lang='grc' dir='ltr'><strong>εὖ</strong></span> <span class='ocrx_word' id='word_1_242' title='bbox 1358 1797 1574 1835; x_wconf 71' lang='grc' dir='ltr'><em>θέσθαις</em></span> 
     </span>
     <span class='ocr_line' id='line_1_27' title="bbox 211 1861 1132 1913; baseline -0.003 -10"><span class='ocrx_word' id='word_1_243' title='bbox 211 1865 272 1913; x_wconf 87' lang='lat' dir='ltr'><strong>IV,</strong></span> <span class='ocrx_word' id='word_1_244' title='bbox 299 1864 362 1912; x_wconf 83' lang='lat'><strong>17,</strong></span> <span class='ocrx_word' id='word_1_245' title='bbox 388 1865 411 1904; x_wconf 91' lang='lat'><strong>3</strong></span> <span class='ocrx_word' id='word_1_246' title='bbox 437 1864 595 1908; x_wconf 81' lang='grc' dir='ltr'><strong><em>καλῶς</em></strong></span> <span class='ocrx_word' id='word_1_247' title='bbox 620 1863 818 1906; x_wconf 73' lang='grc' dir='ltr'><em>θέσθαι,</em></span> <span class='ocrx_word' id='word_1_248' title='bbox 846 1863 892 1902; x_wconf 83' lang='lat' dir='ltr'><strong>cf.</strong></span> <span class='ocrx_word' id='word_1_249' title='bbox 917 1863 978 1911; x_wconf 90' lang='lat' dir='ltr'><strong>IV,</strong></span> <span class='ocrx_word' id='word_1_250' title='bbox 1004 1861 1067 1910; x_wconf 83' lang='lat'><strong>61,</strong></span> <span class='ocrx_word' id='word_1_251' title='bbox 1095 1862 1132 1902; x_wconf 85' lang='grc'><strong>4.</strong></span> 
     </span>
    </p>

    <p class='ocr_par' dir='ltr' id='par_1_6' title="bbox 209 1929 1578 2242">
     <span class='ocr_line' id='line_1_28' title="bbox 342 1929 1573 1979; baseline -0.002 -10"><span class='ocrx_word' id='word_1_252' title='bbox 342 1932 514 1979; x_wconf 85' lang='lat' dir='ltr'><strong>Denique</strong></span> <span class='ocrx_word' id='word_1_253' title='bbox 542 1931 746 1967; x_wconf 88' lang='lat' dir='ltr'><strong>observare</strong></span> <span class='ocrx_word' id='word_1_254' title='bbox 772 1930 874 1976; x_wconf 89' lang='lat' dir='ltr'><strong>licet,</strong></span> <span class='ocrx_word' id='word_1_255' title='bbox 904 1940 1012 1977; x_wconf 92' lang='lat' dir='ltr'><strong>quam</strong></span> <span class='ocrx_word' id='word_1_256' title='bbox 1038 1929 1134 1966; x_wconf 89' lang='lat' dir='ltr'><strong>bene</strong></span> <span class='ocrx_word' id='word_1_257' title='bbox 1160 1939 1243 1966; x_wconf 87' lang='lat' dir='ltr'><strong>cum</strong></span> <span class='ocrx_word' id='word_1_258' title='bbox 1269 1929 1314 1966; x_wconf 92' lang='lat' dir='ltr'><strong>iis</strong></span> <span class='ocrx_word' id='word_1_259' title='bbox 1342 1940 1435 1977; x_wconf 89' lang='lat' dir='ltr'><strong>quae</strong></span> <span class='ocrx_word' id='word_1_260' title='bbox 1460 1939 1573 1977; x_wconf 89' lang='lat' dir='ltr'><strong>prae-</strong></span> 
     </span>
     <span class='ocr_line' id='line_1_29' title="bbox 212 1988 1577 2043; baseline -0.001 -8"><span class='ocrx_word' id='word_1_261' title='bbox 212 1997 349 2036; x_wconf 90' lang='lat' dir='ltr'><strong>cedunt</strong></span> <span class='ocrx_word' id='word_1_262' title='bbox 376 1997 568 2035; x_wconf 89' lang='lat' dir='ltr'><strong>conciliari</strong></span> <span class='ocrx_word' id='word_1_263' title='bbox 607 1996 753 2043; x_wconf 87' lang='lat' dir='ltr'><strong>possint</strong></span> <span class='ocrx_word' id='word_1_264' title='bbox 789 1988 829 2032; x_wconf 72' lang='grc' dir='ltr'><strong>εὖ</strong></span> <span class='ocrx_word' id='word_1_265' title='bbox 866 1993 1014 2043; x_wconf 78' lang='grc' dir='ltr'><em>κειμένῃ</em></span> <span class='ocrx_word' id='word_1_266' title='bbox 1047 2007 1087 2029; x_wconf 80' lang='grc' dir='ltr'><strong>τε</strong></span> <span class='ocrx_word' id='word_1_267' title='bbox 1112 1993 1178 2031; x_wconf 83' lang='grc' dir='ltr'><em>καί</em></span> <span class='ocrx_word' id='word_1_268' title='bbox 1201 1989 1312 2042; x_wconf 72' lang='grc' dir='ltr'><em>ἐγγιῖς</em></span> <span class='ocrx_word' id='word_1_269' title='bbox 1339 1990 1436 2043; x_wconf 79' lang='grc' dir='ltr'>οὔσῃ</span> <span class='ocrx_word' id='word_1_270' title='bbox 1463 1994 1577 2034; x_wconf 83' lang='lat' dir='ltr'><strong>verba</strong></span> 
     </span>
     <span class='ocr_line' id='line_1_30' title="bbox 209 2060 1573 2113; baseline -0.002 -12"><span class='ocrx_word' id='word_1_271' title='bbox 209 2075 278 2113; x_wconf 92' lang='lat' dir='ltr'><strong>per</strong></span> <span class='ocrx_word' id='word_1_272' title='bbox 305 2063 575 2112; x_wconf 88' lang='lat' dir='ltr'><strong>appositionem</strong></span> <span class='ocrx_word' id='word_1_273' title='bbox 602 2073 647 2099; x_wconf 90' lang='lat' dir='ltr'><strong>ea</strong></span> <span class='ocrx_word' id='word_1_274' title='bbox 675 2060 822 2109; x_wconf 89' lang='lat' dir='ltr'><strong>quidem</strong></span> <span class='ocrx_word' id='word_1_275' title='bbox 846 2060 989 2098; x_wconf 88' lang='lat' dir='ltr'><strong>adiecta</strong></span> <span class='ocrx_word' id='word_1_276' title='bbox 1017 2064 1146 2108; x_wconf 90' lang='lat' dir='ltr'><strong>utpote</strong></span> <span class='ocrx_word' id='word_1_277' title='bbox 1174 2071 1323 2098; x_wconf 87' lang='lat' dir='ltr'><strong>causam</strong></span> <span class='ocrx_word' id='word_1_278' title='bbox 1349 2061 1573 2098; x_wconf 71' lang='lat' dir='ltr'><strong>continentia</strong></span> 
     </span>
     <span class='ocr_line' id='line_1_31' title="bbox 211 2126 1578 2175; baseline -0.003 -8"><span class='ocrx_word' id='word_1_279' title='bbox 211 2129 322 2167; x_wconf 92' lang='lat' dir='ltr'><strong>simul</strong></span> <span class='ocrx_word' id='word_1_280' title='bbox 348 2140 415 2166; x_wconf 90' lang='lat' dir='ltr'><strong>cur</strong></span> <span class='ocrx_word' id='word_1_281' title='bbox 443 2128 639 2165; x_wconf 88' lang='lat' dir='ltr'><strong>Calirrhoe</strong></span> <span class='ocrx_word' id='word_1_282' title='bbox 668 2127 872 2175; x_wconf 86' lang='lat' dir='ltr'><strong>appellatus</strong></span> <span class='ocrx_word' id='word_1_283' title='bbox 899 2127 948 2164; x_wconf 94' lang='lat' dir='ltr'><strong>sit</strong></span> <span class='ocrx_word' id='word_1_284' title='bbox 975 2127 1038 2164; x_wconf 89' lang='lat' dir='ltr'><strong>ille</strong></span> <span class='ocrx_word' id='word_1_285' title='bbox 1065 2126 1150 2164; x_wconf 84' lang='lat' dir='ltr'><strong>fons</strong></span> <span class='ocrx_word' id='word_1_286' title='bbox 1180 2130 1218 2163; x_wconf 91' lang='lat' dir='ltr'><strong>et</strong></span> <span class='ocrx_word' id='word_1_287' title='bbox 1243 2137 1312 2163; x_wconf 85' lang='lat' dir='ltr'><strong>cur</strong></span> <span class='ocrx_word' id='word_1_288' title='bbox 1339 2137 1385 2163; x_wconf 92' lang='lat' dir='ltr'><strong>eo</strong></span> <span class='ocrx_word' id='word_1_289' title='bbox 1414 2126 1473 2163; x_wconf 90' lang='lat' dir='ltr'><strong>usi</strong></span> <span class='ocrx_word' id='word_1_290' title='bbox 1499 2126 1578 2164; x_wconf 91' lang='lat' dir='ltr'><strong>sint</strong></span> 
     </span>
     <span class='ocr_line' id='line_1_32' title="bbox 212 2193 938 2242; baseline -0.006 -10"><span class='ocrx_word' id='word_1_291' title='bbox 212 2195 260 2232; x_wconf 90' lang='lat' dir='ltr'><strong>ad</strong></span> <span class='ocrx_word' id='word_1_292' title='bbox 287 2196 441 2232; x_wconf 85' lang='lat' dir='ltr'><strong>maxima</strong></span> <span class='ocrx_word' id='word_1_293' title='bbox 469 2204 639 2242; x_wconf 86' lang='lat' dir='ltr'><strong>quaeque</strong></span> <span class='ocrx_word' id='word_1_294' title='bbox 677 2193 938 2230; x_wconf 87' lang='lat' dir='ltr'><strong>Athenienses.</strong></span> 
     </span>
    </p>
   </div>
  </div>
 </body>
</html>
