1766 2820
758 107 1014 148 -20-

200 212 362 252 latione:
412 223 475 259 „es
515 213 563 249 ist
608 212 796 258 niitzlich‚
849 212 936 249 dass
983 211 1138 249 Jemand
1182 212 1276 249 auch
1318 215 1433 249 etwas
1473 204 1579 254 meh‘r

199 279 254 315 als
284 279 368 315 dem
396 281 578 327 strengen
605 277 746 314 Rechte
774 281 922 327 gemass
950 279 1009 324 ist,
1049 277 1387 328 Begfinstigungen
1412 278 1575 319 erfahre‚

199 344 383 381 nachdem
413 355 455 381 er
482 344 604 389 [seine
633 344 802 393 Gegner]
832 344 1048 389 uberi-edet,
1076 344 1131 380 sie
1157 343 1231 380 ihm
1258 354 1308 381 zu
1334 344 1573 393 gewfihren.“

195 410 347 447 Minime
375 413 498 446 tamen
527 409 619 445 ferri
656 420 770 456 posse
807 409 903 445 hanc
930 409 1118 457 Kruegeri
1151 410 1356 455 rationem,
1390 410 1573 446 neminem

196 477 329 527 fugiat.
382 476 513 525 Neque
542 476 640 512 enim
668 476 706 513 in
736 483 853 513 causa
881 486 967 513 esse
993 478 1129 523 potest,
1165 486 1234 513 cur
1261 476 1286 512 ii
1314 476 1378 525 qui
1405 476 1443 513 in
1471 487 1575 514 sum-

197 554 294 580 mum
323 544 525 580 discrimen
550 543 655 579 inviti
683 543 760 580 sint
788 542 954 588 adducti,
984 542 1144 590 aliquem
1163 542 1334 579 favorem
1354 543 1571 591 adipiscan-

196 612 271 656 tur,
299 609 384 658 quia
412 609 511 647 hosti
539 609 813 658 persuaserint,
842 612 883 646 ut
910 609 980 646 sibi
1009 608 1084 646 tale
1112 608 1397 647 emolumentum
1412 607 1575 647 daretur.

196 675 307 713 Adde
335 675 434 723 quod
470 686 546 713 non
580 676 663 712 sine
700 674 912 712 offensione
948 675 983 711 h.
1011 676 1035 712 l.
1066 673 1248 711 πείσαντα
1284 686 1362 712 aor.
1399 676 1576 713 absolute

199 741 344 789 positus
372 741 526 790 legitur.

326 808 416 844 Post
443 811 500 845 tot
526 807 641 856 igitur
667 810 814 854 tamque
835 809 939 844 varia
966 807 1133 844 virorum
1163 807 1359 844 doctorum
1375 807 1573 845 illustran-

201 873 273 911 dae
302 873 488 911 orationis
518 872 713 910 conamina
740 883 861 920 paene
901 873 1137 910 temerarium
1167 876 1224 910 est
1260 872 1399 911 addere
1435 884 1570 912 novum

198 941 299 989 quod
327 951 403 978 non
432 940 631 978 admodum
659 941 874 988 speciosum
904 950 989 977 esse
1017 940 1202 978 videatur.

332 1006 459 1054 ltaque
496 1016 569 1043 una
616 1006 760 1055 syllaba
806 1009 944 1043 mutata
989 1006 1134 1043 videbis
1174 1006 1325 1042 tandem
1370 1006 1572 1055 aliquando

193 1076 282 1123 post
308 1073 401 1111 istas
429 1073 670 1121 interpretum
696 1072 857 1109 iniurias
895 1073 1117 1109 sententiam
1154 1083 1235 1110 eam
1264 1082 1362 1121 quae
1390 1074 1425 1110 ei
1453 1072 1570 1111 debe-

194 1144 255 1177 tur
281 1132 439 1177 formam
465 1142 772 1187 recuperaturum
807 1149 904 1175 esse.
959 1138 1091 1176 Scribe
1129 1143 1251 1176 autem
1283 1149 1353 1187 pro
1382 1137 1571 1176 παίσαντα

195 1206 412 1244 accusativo
439 1203 621 1241 παι’σαντι
649 1204 824 1252 dativum,
865 1216 961 1253 quae
995 1205 1149 1243 mutatio
1185 1205 1375 1243 lenissima
1402 1206 1573 1256 integer-

196 1274 328 1310 rimam
359 1271 474 1308 efficit
501 1271 710 1309 orationem
737 1271 859 1310 hanc:

327 1360 375 1365 —
403 1331 506 1373 ἆλλοῖ
533 1336 587 1387 τῷ
620 1332 681 1374 ἆεί
710 1336 751 1373 ἐν
787 1330 949 1388 κινδύνῳ
984 1336 1191 1388 γιγνομένῳ
1228 1332 1325 1374 εἶναι
1354 1335 1400 1374 τὰ
1440 1333 1567 1373 εἰκότα

197 1403 326 1453 &ibam
355 1401 423 1439 καί
446 1416 482 1437 τι
509 1402 575 1439 καί
601 1403 709 1446 ἑντῦς
735 1403 805 1439 τοῦ
832 1399 1014 1451 ἀκριβοῦς
1052 1402 1166 1441 πείσ
1179 1418 1261 1441 αντ
1275 1402 1296 1440 ι’
1323 1417 1440 1440 τινα
1467 1399 1571 1452 ὠφε-

195 1470 367 1519 ληθῆναι.

326 1537 464 1586 „Atqui
490 1548 563 1576 nos
599 1538 691 1576 utile
725 1542 897 1587 putamus
934 1548 1022 1576 esse
1055 1558 1097 1564 -
1135 1548 1213 1575 non
1248 1539 1367 1575 everti
1404 1549 1424 1575 a
1459 1537 1568 1575 vobis

194 1603 369 1641 omnibus
398 1614 597 1641 commune
623 1604 775 1651 bonum,
803 1604 872 1642 sed
902 1605 937 1641 ei
964 1605 1182 1653 quicunque
1208 1605 1247 1640 in
1282 1605 1449 1652 periculo
1477 1614 1571 1641 ver-

193 1673 308 1716 setur,
336 1681 456 1719 aequa
471 1682 541 1719 pro
570 1672 677 1709 iustis
696 1671 839 1719 haberi,
868 1672 1011 1709 etiamsi
1040 1672 1151 1709 alicui
1177 1671 1416 1720 persuadeat,
1445 1675 1487 1709 ut
1500 1681 1568 1719 pro

195 1748 240 1774 re
267 1741 354 1774 nata
393 1737 455 1774 vel
482 1739 603 1775 minus
640 1748 750 1786 quam
786 1749 807 1774 e
835 1748 977 1775 summo
1013 1738 1096 1774 iure
1131 1737 1246 1775 liceat
1280 1737 1570 1774 emolumentum

194 1803 259 1841 ille
285 1802 501 1852 percipiat.“

342 1869 398 1906 De
437 1865 580 1906 πείθων
613 1868 719 1906 verbi
766 1868 1053 1906 constructione
1097 1868 1145 1905 cf.
1186 1868 1259 1915 111,
1288 1866 1336 1916 4·,
1363 1868 1399 1908 3.
1425 1867 1464 1907 εἴ
1490 1881 1571 1911 πως

193 1935 425 1974 πείσειαν
452 1934 521 1978 τὰς
556 1933 648 1977 ναῦς
686 1930 862 1971 duel-92:511
890 1930 941 1977 ὥς
983 1932 1093 1985 σφῶν
1121 1930 1233 1972 οῦδὲν
1263 1933 1568 1984 νεωτεριούντων.

191 2003 289 2041 Xen.
318 2002 390 2041 An.
419 2002 464 2047 V,
495 2002 529 2049 1,
562 2000 620 2042 14.
657 2001 725 2045 τὰς
763 1997 893 2043 πόλεις
930 1995 1093 2045 ἑκούσας
1133 1998 1305 2038 ἔπεισε
1345 2005 1465 2037 ποιεῖν
1502 1997 1569 2041 τὰς

197 2065 325 2113 ὁδοὺς.
