<?xml version="1.0" encoding="UTF-8"?>
<!DOCTYPE html PUBLIC "-//W3C//DTD XHTML 1.0 Transitional//EN"
    "http://www.w3.org/TR/xhtml1/DTD/xhtml1-transitional.dtd">
<html xmlns="http://www.w3.org/1999/xhtml" xml:lang="en" lang="en">
 <head>
  <title>
</title>
<meta http-equiv="Content-Type" content="text/html;charset=utf-8" />
  <meta name='ocr-system' content='tesseract 3.04.00' />
  <meta name='ocr-capabilities' content='ocr_page ocr_carea ocr_par ocr_line ocrx_word'/>
</head>
<body>
  <div class='ocr_page' id='page_1' title='image "./4738078_0025.png"; bbox 0 0 1766 2820; ppageno 0'>
   <div class='ocr_carea' id='block_1_1' title="bbox 707 279 958 333">
    <p class='ocr_par' dir='ltr' id='par_1_1' title="bbox 707 279 958 333">
     <span class='ocr_line' id='line_1_1' title="bbox 707 279 958 333; baseline -0.004 -11"><span class='ocrx_word' id='word_1_1' title='bbox 707 279 775 333; x_wconf 93' lang='lat'><strong>11,</strong></span> <span class='ocrx_word' id='word_1_2' title='bbox 809 279 883 333; x_wconf 85' lang='lat'><strong>90,</strong></span> <span class='ocrx_word' id='word_1_3' title='bbox 917 280 958 322; x_wconf 83' lang='lat'><strong>2.</strong></span> 
     </span>
    </p>
   </div>
   <div class='ocr_carea' id='block_1_2' title="bbox 158 386 1521 635">
    <p class='ocr_par' dir='ltr' id='par_1_2' title="bbox 158 386 1521 635">
     <span class='ocr_line' id='line_1_2' title="bbox 283 386 1519 444; baseline -0.002 -14"><span class='ocrx_word' id='word_1_4' title='bbox 283 390 366 430; x_wconf 77' lang='lat' dir='ltr'><strong>’Em&#39;</strong></span> <span class='ocrx_word' id='word_1_5' title='bbox 398 389 535 444; x_wconf 81' lang='grc' dir='ltr'><strong><em>δἀὖτῷ</em></strong></span> <span class='ocrx_word' id='word_1_6' title='bbox 563 390 682 427; x_wconf 85' lang='grc' dir='ltr'><strong><em>εἴκοσι</em></strong></span> <span class='ocrx_word' id='word_1_7' title='bbox 711 389 844 435; x_wconf 81' lang='grc' dir='ltr'><strong><em>ἔταξαν</em></strong></span> <span class='ocrx_word' id='word_1_8' title='bbox 869 389 934 434; x_wconf 80' lang='grc' dir='ltr'><strong>τὰς</strong></span> <span class='ocrx_word' id='word_1_9' title='bbox 958 389 1094 438; x_wconf 79' lang='grc' dir='ltr'><strong><em>ἄριστα</em></strong></span> <span class='ocrx_word' id='word_1_10' title='bbox 1127 387 1328 434; x_wconf 78' lang='grc' dir='ltr'><strong><em>πλεούσας,</em></strong></span> <span class='ocrx_word' id='word_1_11' title='bbox 1356 386 1461 432; x_wconf 74' lang='grc' dir='ltr'><strong><em>ὅπως</em></strong></span> <span class='ocrx_word' id='word_1_12' title='bbox 1486 391 1519 429; x_wconf 70' lang='grc' dir='ltr'><strong>εἰ</strong></span> 
     </span>
     <span class='ocr_line' id='line_1_3' title="bbox 158 449 1519 505; baseline -0.001 -12"><span class='ocrx_word' id='word_1_13' title='bbox 158 452 233 505; x_wconf 68' lang='grc' dir='ltr'><strong><em>ἄρα</em></strong></span> <span class='ocrx_word' id='word_1_14' title='bbox 263 458 422 504; x_wconf 75' lang='grc' dir='ltr'><strong><em>νομίσας</em></strong></span> <span class='ocrx_word' id='word_1_15' title='bbox 448 456 513 494; x_wconf 74' lang='grc' dir='ltr'><strong>ἐπὶ</strong></span> <span class='ocrx_word' id='word_1_16' title='bbox 536 459 603 504; x_wconf 81' lang='grc' dir='ltr'><strong><em>τὴν</em></strong></span> <span class='ocrx_word' id='word_1_17' title='bbox 632 456 859 494; x_wconf 83' lang='grc' dir='ltr'><strong><em>Ναύπακτον</em></strong></span> <span class='ocrx_word' id='word_1_18' title='bbox 886 451 1025 499; x_wconf 72' lang='grc' dir='ltr'><strong><em>αὖτοὺς</em></strong></span> <span class='ocrx_word' id='word_1_19' title='bbox 1052 458 1157 492; x_wconf 71' lang='grc' dir='ltr'><strong><em>πλεῖν</em></strong></span> <span class='ocrx_word' id='word_1_20' title='bbox 1188 449 1211 490; x_wconf 75' lang='lat' dir='ltr'><strong>o‘</strong></span> <span class='ocrx_word' id='word_1_21' title='bbox 1240 453 1427 502; x_wconf 69' lang='grc' dir='ltr'><strong><em>Φορμίων</em></strong></span> <span class='ocrx_word' id='word_1_22' title='bbox 1453 454 1519 491; x_wconf 74' lang='grc' dir='ltr'><em>καί</em></span> 
     </span>
     <span class='ocr_line' id='line_1_4' title="bbox 165 516 1521 572; baseline -0.004 -13"><span class='ocrx_word' id='word_1_23' title='bbox 165 519 280 566; x_wconf 70' lang='grc' dir='ltr'><strong><em>αὐτὸς</em></strong></span> <span class='ocrx_word' id='word_1_24' title='bbox 314 522 526 569; x_wconf 77' lang='grc' dir='ltr'>ἐπιβοηθῶν</span> <span class='ocrx_word' id='word_1_25' title='bbox 552 522 665 572; x_wconf 83' lang='grc' dir='ltr'><strong><em>ταύτῃ</em></strong></span> <span class='ocrx_word' id='word_1_26' title='bbox 692 519 914 570; x_wconf 80' lang='grc' dir='ltr'><strong><em>παραπλέοι,</em></strong></span> <span class='ocrx_word' id='word_1_27' title='bbox 940 516 995 568; x_wconf 77' lang='grc' dir='ltr'><strong>μῆ</strong></span> <span class='ocrx_word' id='word_1_28' title='bbox 1023 519 1234 570; x_wconf 68' lang='grc' dir='ltr'><em>διαφύγοιεν</em></span> <span class='ocrx_word' id='word_1_29' title='bbox 1260 519 1421 557; x_wconf 83' lang='grc' dir='ltr'><strong><em>πλέοντα</em></strong></span> <span class='ocrx_word' id='word_1_30' title='bbox 1454 519 1521 557; x_wconf 84' lang='grc' dir='ltr'><strong><em>τόν</em></strong></span> 
     </span>
     <span class='ocr_line' id='line_1_5' title="bbox 158 579 1513 635; baseline -0.001 -13"><span class='ocrx_word' id='word_1_31' title='bbox 158 585 341 623; x_wconf 78' lang='grc' dir='ltr'><strong><em>ἐπίπλουν</em></strong></span> <span class='ocrx_word' id='word_1_32' title='bbox 368 586 475 635; x_wconf 79' lang='grc' dir='ltr'><strong><em>σφῶν</em></strong></span> <span class='ocrx_word' id='word_1_33' title='bbox 502 584 537 623; x_wconf 81' lang='grc' dir='ltr'><strong>οἱ</strong></span> <span class='ocrx_word' id='word_1_34' title='bbox 559 584 756 635; x_wconf 71' lang='grc' dir='ltr'><strong><em>Ἀθηναῖοι</em></strong></span> <span class='ocrx_word' id='word_1_35' title='bbox 783 584 859 630; x_wconf 82' lang='grc' dir='ltr'><strong>ἔξω</strong></span> <span class='ocrx_word' id='word_1_36' title='bbox 886 586 954 623; x_wconf 80' lang='grc' dir='ltr'><strong>τοῦ</strong></span> <span class='ocrx_word' id='word_1_37' title='bbox 982 585 1124 622; x_wconf 71' lang='grc' dir='ltr'><strong><em>ἑαυτῶν</em></strong></span> <span class='ocrx_word' id='word_1_38' title='bbox 1142 587 1273 634; x_wconf 76' lang='grc' dir='ltr'><strong><em>κέρως,</em></strong></span> <span class='ocrx_word' id='word_1_39' title='bbox 1301 583 1384 621; x_wconf 79' lang='grc' dir='ltr'><strong><em>ἀλλ’</em></strong></span> <span class='ocrx_word' id='word_1_40' title='bbox 1404 579 1513 622; x_wconf 74' lang='grc' dir='ltr'><strong><em>αὗται</em></strong></span> 
     </span>
    </p>
   </div>
   <div class='ocr_carea' id='block_1_3' title="bbox 160 648 605 703">
    <p class='ocr_par' dir='ltr' id='par_1_3' title="bbox 160 648 605 703">
     <span class='ocr_line' id='line_1_6' title="bbox 160 648 605 703; baseline 0.004 -17"><span class='ocrx_word' id='word_1_41' title='bbox 160 648 199 687; x_wconf 85' lang='grc' dir='ltr'><strong><em>αἱ</em></strong></span> <span class='ocrx_word' id='word_1_42' title='bbox 227 651 308 700; x_wconf 78' lang='grc' dir='ltr'><strong><em>νῆες</em></strong></span> <span class='ocrx_word' id='word_1_43' title='bbox 331 651 605 703; x_wconf 68' lang='grc' dir='ltr'><strong><em>περικλῄσειαν.</em></strong></span> 
     </span>
    </p>
   </div>
   <div class='ocr_carea' id='block_1_4' title="bbox 159 732 1519 1962">
    <p class='ocr_par' dir='ltr' id='par_1_4' title="bbox 159 732 1518 1504">
     <span class='ocr_line' id='line_1_7' title="bbox 290 732 1517 782; baseline 0 -13"><span class='ocrx_word' id='word_1_44' title='bbox 290 734 387 777; x_wconf 85' lang='lat' dir='ltr'><strong>Quin</strong></span> <span class='ocrx_word' id='word_1_45' title='bbox 415 738 628 782; x_wconf 88' lang='lat' dir='ltr'><strong>corruptum</strong></span> <span class='ocrx_word' id='word_1_46' title='bbox 655 735 702 771; x_wconf 88' lang='lat' dir='ltr'><strong>sit</strong></span> <span class='ocrx_word' id='word_1_47' title='bbox 729 732 888 768; x_wconf 80' lang='grc' dir='ltr'><strong><em>πλέοντα</em></strong></span> <span class='ocrx_word' id='word_1_48' title='bbox 907 734 1153 782; x_wconf 83' lang='lat' dir='ltr'>participium,</span> <span class='ocrx_word' id='word_1_49' title='bbox 1181 733 1293 770; x_wconf 88' lang='lat' dir='ltr'><strong>hodie</strong></span> <span class='ocrx_word' id='word_1_50' title='bbox 1319 733 1418 770; x_wconf 87' lang='lat' dir='ltr'><strong>nulla</strong></span> <span class='ocrx_word' id='word_1_51' title='bbox 1447 734 1517 769; x_wconf 88' lang='lat' dir='ltr'><strong>iam</strong></span> 
     </span>
     <span class='ocr_line' id='line_1_8' title="bbox 159 798 1516 849; baseline 0 -15"><span class='ocrx_word' id='word_1_52' title='bbox 159 802 218 835; x_wconf 86' lang='lat' dir='ltr'><strong>est</strong></span> <span class='ocrx_word' id='word_1_53' title='bbox 259 799 450 836; x_wconf 85' lang='lat' dir='ltr'><strong>dubitatio.</strong></span> <span class='ocrx_word' id='word_1_54' title='bbox 515 801 637 844; x_wconf 85' lang='lat' dir='ltr'><strong>Quare</strong></span> <span class='ocrx_word' id='word_1_55' title='bbox 665 800 880 849; x_wconf 90' lang='lat' dir='ltr'><strong>Kruegerus</strong></span> <span class='ocrx_word' id='word_1_56' title='bbox 909 805 946 836; x_wconf 91' lang='lat' dir='ltr'><strong>et</strong></span> <span class='ocrx_word' id='word_1_57' title='bbox 968 800 1141 836; x_wconf 91' lang='lat' dir='ltr'><strong>Dobreus</strong></span> <span class='ocrx_word' id='word_1_58' title='bbox 1170 798 1401 836; x_wconf 89' lang='lat' dir='ltr'><strong>exarandum</strong></span> <span class='ocrx_word' id='word_1_59' title='bbox 1433 808 1516 835; x_wconf 89' lang='lat' dir='ltr'><strong>esse</strong></span> 
     </span>
     <span class='ocr_line' id='line_1_9' title="bbox 161 863 1516 913; baseline -0.001 -10"><span class='ocrx_word' id='word_1_60' title='bbox 161 867 350 903; x_wconf 88' lang='lat' dir='ltr'><strong>iusserunt</strong></span> <span class='ocrx_word' id='word_1_61' title='bbox 376 863 550 910; x_wconf 77' lang='grc' dir='ltr'><strong><em>πλέοντες</em></strong></span> <span class='ocrx_word' id='word_1_62' title='bbox 576 867 860 912; x_wconf 84' lang='lat' dir='ltr'><strong>nominativum,</strong></span> <span class='ocrx_word' id='word_1_63' title='bbox 904 866 968 903; x_wconf 86' lang='lat' dir='ltr'><strong>vix</strong></span> <span class='ocrx_word' id='word_1_64' title='bbox 994 868 1208 913; x_wconf 86' lang='lat' dir='ltr'><strong>reputantes</strong></span> <span class='ocrx_word' id='word_1_65' title='bbox 1229 893 1241 910; x_wconf 91' lang='lat'>‚</span> <span class='ocrx_word' id='word_1_66' title='bbox 1280 867 1322 900; x_wconf 92' lang='lat' dir='ltr'><strong>ut</strong></span> <span class='ocrx_word' id='word_1_67' title='bbox 1353 864 1516 910; x_wconf 90' lang='lat' dir='ltr'><strong>videtur,</strong></span> 
     </span>
     <span class='ocr_line' id='line_1_10' title="bbox 159 930 1517 980; baseline -0.001 -13"><span class='ocrx_word' id='word_1_68' title='bbox 159 931 371 980; x_wconf 81' lang='lat' dir='ltr'><strong>languidam</strong></span> <span class='ocrx_word' id='word_1_69' title='bbox 396 932 465 968; x_wconf 88' lang='lat' dir='ltr'><strong>hac</strong></span> <span class='ocrx_word' id='word_1_70' title='bbox 492 932 727 968; x_wconf 84' lang='lat' dir='ltr'><strong>correctione</strong></span> <span class='ocrx_word' id='word_1_71' title='bbox 755 931 851 968; x_wconf 87' lang='lat' dir='ltr'><strong>effici</strong></span> <span class='ocrx_word' id='word_1_72' title='bbox 879 932 1086 968; x_wconf 89' lang='lat' dir='ltr'><strong>orationem</strong></span> <span class='ocrx_word' id='word_1_73' title='bbox 1122 942 1192 967; x_wconf 88' lang='lat' dir='ltr'><strong>nec</strong></span> <span class='ocrx_word' id='word_1_74' title='bbox 1222 930 1371 979; x_wconf 83' lang='lat' dir='ltr'><strong>dignam</strong></span> <span class='ocrx_word' id='word_1_75' title='bbox 1399 931 1517 967; x_wconf 86' lang='lat' dir='ltr'><strong>adcu-</strong></span> 
     </span>
     <span class='ocr_line' id='line_1_11' title="bbox 159 989 1517 1045; baseline -0.001 -12"><span class='ocrx_word' id='word_1_76' title='bbox 159 999 240 1033; x_wconf 89' lang='lat' dir='ltr'><strong>rate</strong></span> <span class='ocrx_word' id='word_1_77' title='bbox 266 996 454 1033; x_wconf 90' lang='lat' dir='ltr'><strong>scribendi</strong></span> <span class='ocrx_word' id='word_1_78' title='bbox 480 1007 631 1045; x_wconf 86' lang='lat' dir='ltr'><strong>genere.</strong></span> <span class='ocrx_word' id='word_1_79' title='bbox 686 989 789 1033; x_wconf 85' lang='lat' dir='ltr'><strong>Patet</strong></span> <span class='ocrx_word' id='word_1_80' title='bbox 816 997 911 1033; x_wconf 88' lang='lat' dir='ltr'><strong>enim</strong></span> <span class='ocrx_word' id='word_1_81' title='bbox 951 1007 1018 1044; x_wconf 90' lang='lat' dir='ltr'><strong>per</strong></span> <span class='ocrx_word' id='word_1_82' title='bbox 1053 1007 1114 1042; x_wconf 89' lang='lat' dir='ltr'><strong>se,</strong></span> <span class='ocrx_word' id='word_1_83' title='bbox 1151 996 1362 1045; x_wconf 84' lang='lat' dir='ltr'><strong>navigando</strong></span> <span class='ocrx_word' id='word_1_84' title='bbox 1396 1005 1517 1043; x_wconf 87' lang='lat' dir='ltr'><strong>neque</strong></span> 
     </span>
     <span class='ocr_line' id='line_1_12' title="bbox 161 1061 1518 1111; baseline -0.001 -13"><span class='ocrx_word' id='word_1_85' title='bbox 161 1061 235 1098; x_wconf 88' lang='lat' dir='ltr'><strong>alio</strong></span> <span class='ocrx_word' id='word_1_86' title='bbox 262 1062 372 1099; x_wconf 90' lang='lat' dir='ltr'><strong>modo</strong></span> <span class='ocrx_word' id='word_1_87' title='bbox 400 1061 646 1098; x_wconf 86' lang='lat' dir='ltr'><strong>Athenienses</strong></span> <span class='ocrx_word' id='word_1_88' title='bbox 675 1062 844 1111; x_wconf 87' lang='lat' dir='ltr'><strong>effugere</strong></span> <span class='ocrx_word' id='word_1_89' title='bbox 879 1073 991 1109; x_wconf 89' lang='lat' dir='ltr'><strong>posse</strong></span> <span class='ocrx_word' id='word_1_90' title='bbox 1026 1063 1170 1099; x_wconf 90' lang='lat' dir='ltr'><strong>navium</strong></span> <span class='ocrx_word' id='word_1_91' title='bbox 1197 1063 1371 1109; x_wconf 89' lang='lat' dir='ltr'><strong>impetum</strong></span> <span class='ocrx_word' id='word_1_92' title='bbox 1398 1061 1518 1097; x_wconf 86' lang='lat' dir='ltr'><strong>Lace-</strong></span> 
     </span>
     <span class='ocr_line' id='line_1_13' title="bbox 163 1126 1518 1173; baseline -0.002 -9"><span class='ocrx_word' id='word_1_93' title='bbox 163 1127 455 1164; x_wconf 90' lang='lat' dir='ltr'><strong>daemoniorum.</strong></span> <span class='ocrx_word' id='word_1_94' title='bbox 519 1126 743 1164; x_wconf 84' lang='lat' dir='ltr'><strong>Scribendus</strong></span> <span class='ocrx_word' id='word_1_95' title='bbox 785 1130 842 1164; x_wconf 87' lang='lat' dir='ltr'><strong>est</strong></span> <span class='ocrx_word' id='word_1_96' title='bbox 869 1131 987 1164; x_wconf 87' lang='lat' dir='ltr'><strong>autem</strong></span> <span class='ocrx_word' id='word_1_97' title='bbox 1024 1127 1207 1164; x_wconf 83' lang='grc' dir='ltr'><strong><em>πλέονα</em></strong></span> <span class='ocrx_word' id='word_1_98' title='bbox 1246 1127 1518 1173; x_wconf 86' lang='lat' dir='ltr'><strong>comparativus</strong></span> 
     </span>
     <span class='ocr_line' id='line_1_14' title="bbox 163 1192 1516 1240; baseline -0.001 -11"><span class='ocrx_word' id='word_1_99' title='bbox 163 1196 335 1239; x_wconf 88' lang='lat' dir='ltr'><strong>spectans</strong></span> <span class='ocrx_word' id='word_1_100' title='bbox 363 1193 394 1228; x_wconf 93' lang='lat' dir='ltr'><strong>is</strong></span> <span class='ocrx_word' id='word_1_101' title='bbox 422 1192 571 1239; x_wconf 88' lang='lat' dir='ltr'><strong>quidem</strong></span> <span class='ocrx_word' id='word_1_102' title='bbox 598 1193 817 1229; x_wconf 84' lang='lat' dir='ltr'><strong>adauctum</strong></span> <span class='ocrx_word' id='word_1_103' title='bbox 844 1194 991 1229; x_wconf 86' lang='lat' dir='ltr'><strong>navium</strong></span> <span class='ocrx_word' id='word_1_104' title='bbox 1018 1192 1370 1240; x_wconf 65' lang='lat' dir='ltr'><strong>numerum„qualis</strong></span> <span class='ocrx_word' id='word_1_105' title='bbox 1398 1203 1418 1228; x_wconf 90' lang='lat' dir='ltr'><strong>a</strong></span> <span class='ocrx_word' id='word_1_106' title='bbox 1442 1192 1516 1228; x_wconf 85' lang='lat' dir='ltr'><strong>La-</strong></span> 
     </span>
     <span class='ocr_line' id='line_1_15' title="bbox 160 1255 1515 1304; baseline 0 -11"><span class='ocrx_word' id='word_1_107' title='bbox 160 1255 408 1294; x_wconf 91' lang='lat' dir='ltr'><strong>cedaemoniis</strong></span> <span class='ocrx_word' id='word_1_108' title='bbox 437 1269 518 1294; x_wconf 89' lang='lat' dir='ltr'><strong>eum</strong></span> <span class='ocrx_word' id='word_1_109' title='bbox 545 1257 590 1294; x_wconf 91' lang='lat' dir='ltr'><strong>ad</strong></span> <span class='ocrx_word' id='word_1_110' title='bbox 617 1258 726 1294; x_wconf 90' lang='lat' dir='ltr'><strong>finem</strong></span> <span class='ocrx_word' id='word_1_111' title='bbox 753 1258 1031 1304; x_wconf 88' lang='lat' dir='ltr'><strong>instituebatur,</strong></span> <span class='ocrx_word' id='word_1_112' title='bbox 1059 1262 1101 1295; x_wconf 90' lang='lat' dir='ltr'><strong>ut</strong></span> <span class='ocrx_word' id='word_1_113' title='bbox 1125 1258 1396 1294; x_wconf 88' lang='lat' dir='ltr'><strong>circumvenire</strong></span> <span class='ocrx_word' id='word_1_114' title='bbox 1422 1267 1515 1304; x_wconf 85' lang='lat' dir='ltr'><strong>pos-</strong></span> 
     </span>
     <span class='ocr_line' id='line_1_16' title="bbox 161 1322 1515 1371; baseline 0 -12"><span class='ocrx_word' id='word_1_115' title='bbox 161 1327 245 1360; x_wconf 86' lang='lat' dir='ltr'><strong>sent</strong></span> <span class='ocrx_word' id='word_1_116' title='bbox 271 1324 350 1360; x_wconf 90' lang='lat' dir='ltr'><strong>suis</strong></span> <span class='ocrx_word' id='word_1_117' title='bbox 383 1324 546 1371; x_wconf 88' lang='lat' dir='ltr'><strong>ipsorum</strong></span> <span class='ocrx_word' id='word_1_118' title='bbox 582 1324 735 1360; x_wconf 91' lang='lat' dir='ltr'><strong>navibus</strong></span> <span class='ocrx_word' id='word_1_119' title='bbox 774 1335 890 1361; x_wconf 90' lang='lat' dir='ltr'><strong>naves</strong></span> <span class='ocrx_word' id='word_1_120' title='bbox 918 1325 1079 1361; x_wconf 89' lang='lat' dir='ltr'><strong>hostium</strong></span> <span class='ocrx_word' id='word_1_121' title='bbox 1105 1335 1201 1361; x_wconf 89' lang='lat' dir='ltr'><strong>neve</strong></span> <span class='ocrx_word' id='word_1_122' title='bbox 1229 1324 1310 1369; x_wconf 89' lang='lat' dir='ltr'><strong>his,</strong></span> <span class='ocrx_word' id='word_1_123' title='bbox 1355 1324 1387 1360; x_wconf 89' lang='lat' dir='ltr'><strong>si</strong></span> <span class='ocrx_word' id='word_1_124' title='bbox 1414 1322 1515 1371; x_wconf 92' lang='lat' dir='ltr'><strong>quod</strong></span> 
     </span>
     <span class='ocr_line' id='line_1_17' title="bbox 162 1388 1515 1435; baseline 0 -10"><span class='ocrx_word' id='word_1_125' title='bbox 162 1389 358 1426; x_wconf 90' lang='lat' dir='ltr'><strong>consilium</strong></span> <span class='ocrx_word' id='word_1_126' title='bbox 386 1392 486 1425; x_wconf 86' lang='lat' dir='ltr'><strong>esset</strong></span> <span class='ocrx_word' id='word_1_127' title='bbox 512 1388 832 1435; x_wconf 87' lang='lat' dir='ltr'><strong>praetervehendo</strong></span> <span class='ocrx_word' id='word_1_128' title='bbox 870 1389 1021 1426; x_wconf 88' lang='lat' dir='ltr'><strong>ordines</strong></span> <span class='ocrx_word' id='word_1_129' title='bbox 1047 1390 1426 1427; x_wconf 87' lang='lat' dir='ltr'><strong>Lacedaemoniorum</strong></span> <span class='ocrx_word' id='word_1_130' title='bbox 1454 1389 1515 1425; x_wconf 82' lang='lat' dir='ltr'><strong>ef-</strong></span> 
     </span>
     <span class='ocr_line' id='line_1_18' title="bbox 163 1453 781 1504; baseline 0 -12"><span class='ocrx_word' id='word_1_131' title='bbox 163 1455 345 1504; x_wconf 83' lang='lat' dir='ltr'><strong>fugiendi,</strong></span> <span class='ocrx_word' id='word_1_132' title='bbox 372 1454 453 1491; x_wconf 93' lang='lat' dir='ltr'><strong>talis</strong></span> <span class='ocrx_word' id='word_1_133' title='bbox 482 1455 589 1503; x_wconf 85' lang='lat' dir='ltr'><strong>copia</strong></span> <span class='ocrx_word' id='word_1_134' title='bbox 618 1453 781 1492; x_wconf 87' lang='lat' dir='ltr'><strong>daretur.</strong></span> 
     </span>
    </p>

    <p class='ocr_par' dir='ltr' id='par_1_5' title="bbox 159 1506 1519 1962">
     <span class='ocr_line' id='line_1_19' title="bbox 289 1506 1518 1568; baseline 0 -11"><span class='ocrx_word' id='word_1_135' title='bbox 289 1520 452 1558; x_wconf 88' lang='lat' dir='ltr'><strong>Similem</strong></span> <span class='ocrx_word' id='word_1_136' title='bbox 478 1521 699 1557; x_wconf 87' lang='lat' dir='ltr'><strong>sententiam</strong></span> <span class='ocrx_word' id='word_1_137' title='bbox 726 1521 839 1557; x_wconf 88' lang='lat' dir='ltr'><strong>habes</strong></span> <span class='ocrx_word' id='word_1_138' title='bbox 865 1521 968 1567; x_wconf 90' lang='lat' dir='ltr'>VIII,</span> <span class='ocrx_word' id='word_1_139' title='bbox 996 1511 1066 1567; x_wconf 79' lang='lat'><strong>39,</strong></span> <span class='ocrx_word' id='word_1_140' title='bbox 1094 1521 1129 1559; x_wconf 90' lang='grc'><strong>3.</strong></span> <span class='ocrx_word' id='word_1_141' title='bbox 1161 1531 1262 1568; x_wconf 88' lang='lat' dir='ltr'><strong>sqq.:</strong></span> <span class='ocrx_word' id='word_1_142' title='bbox 1301 1506 1401 1556; x_wconf 81' lang='lat' dir='ltr'><strong>unde</strong></span> <span class='ocrx_word' id='word_1_143' title='bbox 1445 1521 1518 1557; x_wconf 93' lang='lat' dir='ltr'><strong>hoc</strong></span> 
     </span>
     <span class='ocr_line' id='line_1_20' title="bbox 160 1583 1519 1635; baseline -0.001 -10"><span class='ocrx_word' id='word_1_144' title='bbox 160 1587 333 1625; x_wconf 81' lang='lat' dir='ltr'><strong>laudasse</strong></span> <span class='ocrx_word' id='word_1_145' title='bbox 360 1587 537 1624; x_wconf 81' lang='lat' dir='ltr'><strong>sufficiet:</strong></span> <span class='ocrx_word' id='word_1_146' title='bbox 573 1584 638 1621; x_wconf 80' lang='grc' dir='ltr'><em>καί</em></span> <span class='ocrx_word' id='word_1_147' title='bbox 654 1588 711 1621; x_wconf 89' lang='grc' dir='ltr'><strong>πλ</strong></span> <span class='ocrx_word' id='word_1_148' title='bbox 724 1584 804 1623; x_wconf 80' lang='grc' dir='ltr'><strong>είω</strong></span> <span class='ocrx_word' id='word_1_149' title='bbox 830 1583 882 1621; x_wconf 84' lang='grc' dir='ltr'><strong>τὸ</strong></span> <span class='ocrx_word' id='word_1_150' title='bbox 898 1600 917 1621; x_wconf 93' lang='grc' dir='ltr'><strong><em>ν</em></strong></span> <span class='ocrx_word' id='word_1_151' title='bbox 944 1602 970 1623; x_wconf 91' lang='grc' dir='ltr'><strong><em>π</em></strong></span> <span class='ocrx_word' id='word_1_152' title='bbox 984 1590 1004 1623; x_wconf 88' lang='grc' dir='ltr'><strong><em>λ</em></strong></span> <span class='ocrx_word' id='word_1_153' title='bbox 1020 1601 1038 1623; x_wconf 93' lang='grc' dir='ltr'><strong><em>ο</em></strong></span> <span class='ocrx_word' id='word_1_154' title='bbox 1053 1587 1108 1622; x_wconf 79' lang='grc' dir='ltr'><strong><em>ὗν</em></strong></span> <span class='ocrx_word' id='word_1_155' title='bbox 1135 1585 1196 1622; x_wconf 79' lang='grc' dir='ltr'><strong>διὰ</strong></span> <span class='ocrx_word' id='word_1_156' title='bbox 1215 1584 1385 1635; x_wconf 73' lang='grc' dir='ltr'><strong><em>φυλακῆς</em></strong></span> <span class='ocrx_word' id='word_1_157' title='bbox 1406 1598 1519 1634; x_wconf 86' lang='grc' dir='ltr'><strong><em>ποιη-</em></strong></span> 
     </span>
     <span class='ocr_line' id='line_1_21' title="bbox 164 1649 1519 1699; baseline 0.001 -12"><span class='ocrx_word' id='word_1_158' title='bbox 164 1650 320 1697; x_wconf 75' lang='grc' dir='ltr'><strong><em>σάμενοι</em></strong></span> <span class='ocrx_word' id='word_1_159' title='bbox 354 1650 392 1694; x_wconf 78' lang='grc' dir='ltr'><strong>ἐς</strong></span> <span class='ocrx_word' id='word_1_160' title='bbox 430 1649 497 1697; x_wconf 83' lang='grc' dir='ltr'><strong><em>τὴν</em></strong></span> <span class='ocrx_word' id='word_1_161' title='bbox 523 1651 680 1687; x_wconf 75' lang='grc' dir='ltr'><strong><em>Καῦνον</em></strong></span> <span class='ocrx_word' id='word_1_162' title='bbox 719 1653 785 1697; x_wconf 83' lang='grc' dir='ltr'><strong>τῆς</strong></span> <span class='ocrx_word' id='word_1_163' title='bbox 818 1649 950 1693; x_wconf 66' lang='grc' dir='ltr'><strong><em>Ἀσίας</em></strong></span> <span class='ocrx_word' id='word_1_164' title='bbox 990 1652 1173 1699; x_wconf 77' lang='grc' dir='ltr'><strong><em>κατῆραν,</em></strong></span> <span class='ocrx_word' id='word_1_165' title='bbox 1213 1652 1277 1688; x_wconf 88' lang='lat' dir='ltr'><strong>ubi</strong></span> <span class='ocrx_word' id='word_1_166' title='bbox 1304 1652 1420 1689; x_wconf 85' lang='lat' dir='ltr'><strong>schol.</strong></span> <span class='ocrx_word' id='word_1_167' title='bbox 1448 1663 1519 1688; x_wconf 81' lang='lat' dir='ltr'><strong>ex-</strong></span> 
     </span>
     <span class='ocr_line' id='line_1_22' title="bbox 159 1709 1517 1766; baseline 0 -13"><span class='ocrx_word' id='word_1_168' title='bbox 159 1717 289 1764; x_wconf 83' lang='lat' dir='ltr'><strong>plicat:</strong></span> <span class='ocrx_word' id='word_1_169' title='bbox 329 1709 564 1765; x_wconf 74' lang='grc' dir='ltr'><strong><em>μακρότερον</em></strong></span> <span class='ocrx_word' id='word_1_170' title='bbox 595 1715 662 1753; x_wconf 89' lang='grc' dir='ltr'><strong><em>τὸν</em></strong></span> <span class='ocrx_word' id='word_1_171' title='bbox 695 1718 826 1755; x_wconf 84' lang='grc' dir='ltr'><strong><em>πλοῦν.</em></strong></span> <span class='ocrx_word' id='word_1_172' title='bbox 894 1718 1059 1766; x_wconf 83' lang='lat' dir='ltr'><strong>Itemque</strong></span> <span class='ocrx_word' id='word_1_173' title='bbox 1087 1717 1147 1763; x_wconf 89' lang='lat' dir='ltr'><strong>IV,</strong></span> <span class='ocrx_word' id='word_1_174' title='bbox 1177 1717 1260 1763; x_wconf 86' lang='lat'>128,</span> <span class='ocrx_word' id='word_1_175' title='bbox 1293 1718 1323 1756; x_wconf 90' lang='grc'><strong>1.</strong></span> <span class='ocrx_word' id='word_1_176' title='bbox 1351 1739 1401 1746; x_wconf 78' lang='lat'><strong>-—</strong></span> <span class='ocrx_word' id='word_1_177' title='bbox 1429 1716 1517 1765; x_wconf 70' lang='grc' dir='ltr'><strong><em>πρὶν</em></strong></span> 
     </span>
     <span class='ocr_line' id='line_1_23' title="bbox 162 1778 1518 1833; baseline 0.001 -15"><span class='ocrx_word' id='word_1_178' title='bbox 162 1781 227 1819; x_wconf 82' lang='grc' dir='ltr'><em>καί</em></span> <span class='ocrx_word' id='word_1_179' title='bbox 250 1780 333 1828; x_wconf 84' lang='grc' dir='ltr'><strong><em>τὴν</em></strong></span> <span class='ocrx_word' id='word_1_180' title='bbox 359 1780 562 1818; x_wconf 73' lang='grc' dir='ltr'><strong><em>πλείονα</em></strong></span> <span class='ocrx_word' id='word_1_181' title='bbox 588 1780 853 1819; x_wconf 77' lang='grc' dir='ltr'><strong><em>κύκλωσιν</em></strong></span> <span class='ocrx_word' id='word_1_182' title='bbox 887 1784 995 1833; x_wconf 77' lang='grc' dir='ltr'><strong><em>σφῶν</em></strong></span> <span class='ocrx_word' id='word_1_183' title='bbox 1021 1778 1160 1819; x_wconf 76' lang='grc' dir='ltr'><strong><em>αὐτόσε</em></strong></span> <span class='ocrx_word' id='word_1_184' title='bbox 1186 1783 1409 1829; x_wconf 80' lang='grc' dir='ltr'><strong><em>προσμῖξαι,</em></strong></span> <span class='ocrx_word' id='word_1_185' title='bbox 1463 1782 1518 1819; x_wconf 81' lang='lat' dir='ltr'><strong>De</strong></span> 
     </span>
     <span class='ocr_line' id='line_1_24' title="bbox 162 1840 1519 1896; baseline 0 -13"><span class='ocrx_word' id='word_1_186' title='bbox 162 1846 301 1884; x_wconf 84' lang='grc' dir='ltr'><strong><em>πλέονα</em></strong></span> <span class='ocrx_word' id='word_1_187' title='bbox 338 1857 456 1896; x_wconf 89' lang='lat' dir='ltr'><strong>comp.</strong></span> <span class='ocrx_word' id='word_1_188' title='bbox 494 1847 614 1886; x_wconf 83' lang='lat' dir='ltr'><strong>forma</strong></span> <span class='ocrx_word' id='word_1_189' title='bbox 638 1848 724 1885; x_wconf 86' lang='lat' dir='ltr'><strong>vide</strong></span> <span class='ocrx_word' id='word_1_190' title='bbox 751 1848 811 1895; x_wconf 88' lang='lat' dir='ltr'><strong>IV,</strong></span> <span class='ocrx_word' id='word_1_191' title='bbox 834 1849 895 1889; x_wconf 79' lang='lat'><strong>82.</strong></span> <span class='ocrx_word' id='word_1_192' title='bbox 941 1846 1007 1884; x_wconf 82' lang='grc' dir='ltr'>καί</span> <span class='ocrx_word' id='word_1_193' title='bbox 1047 1849 1122 1885; x_wconf 83' lang='grc' dir='ltr'><strong><em>τῶν</em></strong></span> <span class='ocrx_word' id='word_1_194' title='bbox 1152 1840 1272 1896; x_wconf 67' lang='grc' dir='ltr'><strong><em>ταύτῃ</em></strong></span> <span class='ocrx_word' id='word_1_195' title='bbox 1313 1846 1519 1895; x_wconf 80' lang='grc' dir='ltr'><strong><em>ξυμμάχων</em></strong></span> 
     </span>
     <span class='ocr_line' id='line_1_25' title="bbox 163 1910 1517 1962; baseline 0.001 -13"><span class='ocrx_word' id='word_1_196' title='bbox 163 1912 334 1962; x_wconf 81' lang='grc' dir='ltr'><strong><em>φυλάκην</em></strong></span> <span class='ocrx_word' id='word_1_197' title='bbox 359 1910 532 1949; x_wconf 85' lang='grc' dir='ltr'><strong><em>πλέονα</em></strong></span> <span class='ocrx_word' id='word_1_198' title='bbox 561 1912 846 1960; x_wconf 78' lang='grc' dir='ltr'><strong><em>κατεστήσαντο.</em></strong></span> <span class='ocrx_word' id='word_1_199' title='bbox 875 1915 921 1951; x_wconf 83' lang='lat' dir='ltr'><strong>cf.</strong></span> <span class='ocrx_word' id='word_1_200' title='bbox 939 1915 984 1961; x_wconf 87' lang='lat' dir='ltr'><strong>V,</strong></span> <span class='ocrx_word' id='word_1_201' title='bbox 1014 1916 1077 1962; x_wconf 84' lang='grc'><strong>47,</strong></span> <span class='ocrx_word' id='word_1_202' title='bbox 1099 1915 1134 1955; x_wconf 88' lang='grc'><strong>8.</strong></span> <span class='ocrx_word' id='word_1_203' title='bbox 1162 1913 1340 1949; x_wconf 85' lang='grc' dir='ltr'><strong><em>πλέονα</em></strong></span> <span class='ocrx_word' id='word_1_204' title='bbox 1363 1910 1517 1960; x_wconf 80' lang='grc' dir='ltr'><strong><em>χρόνον.</em></strong></span> 
     </span>
    </p>
   </div>
   <div class='ocr_carea' id='block_1_5' title="bbox 712 2199 975 2253">
    <p class='ocr_par' dir='ltr' id='par_1_6' title="bbox 712 2199 975 2253">
     <span class='ocr_line' id='line_1_26' title="bbox 712 2199 975 2253; baseline -0.004 -12"><span class='ocrx_word' id='word_1_205' title='bbox 712 2199 792 2253; x_wconf 90' lang='lat'>111,</span> <span class='ocrx_word' id='word_1_206' title='bbox 826 2200 900 2252; x_wconf 88' lang='lat'><strong>30,</strong></span> <span class='ocrx_word' id='word_1_207' title='bbox 938 2199 975 2240; x_wconf 90' lang='lat'><strong>1.</strong></span> 
     </span>
    </p>
   </div>
   <div class='ocr_carea' id='block_1_6' title="bbox 295 2300 1520 2355">
    <p class='ocr_par' dir='ltr' id='par_1_7' title="bbox 295 2300 1520 2355">
     <span class='ocr_line' id='line_1_27' title="bbox 295 2300 1520 2355; baseline 0.002 -14"><span class='ocrx_word' id='word_1_208' title='bbox 295 2330 344 2335; x_wconf 88' lang='lat'><strong>--</strong></span> <span class='ocrx_word' id='word_1_209' title='bbox 381 2308 492 2354; x_wconf 70' lang='grc' dir='ltr'><strong><em>Κατὰ</em></strong></span> <span class='ocrx_word' id='word_1_210' title='bbox 536 2307 607 2355; x_wconf 78' lang='grc' dir='ltr'><strong>γὰρ</strong></span> <span class='ocrx_word' id='word_1_211' title='bbox 634 2308 676 2344; x_wconf 80' lang='grc' dir='ltr'><strong>τὸ</strong></span> <span class='ocrx_word' id='word_1_212' title='bbox 723 2304 819 2349; x_wconf 70' lang='grc' dir='ltr'><strong><em>εἰκὸς</em></strong></span> <span class='ocrx_word' id='word_1_213' title='bbox 856 2300 1003 2352; x_wconf 75' lang='grc' dir='ltr'><strong><em>ἀνδρῶν</em></strong></span> <span class='ocrx_word' id='word_1_214' title='bbox 1043 2304 1177 2341; x_wconf 73' lang='grc' dir='ltr'><strong><em>νεωστὶ</em></strong></span> <span class='ocrx_word' id='word_1_215' title='bbox 1212 2302 1323 2341; x_wconf 87' lang='grc' dir='ltr'><strong><em>πόλιν</em></strong></span> <span class='ocrx_word' id='word_1_216' title='bbox 1358 2306 1520 2354; x_wconf 80' lang='grc' dir='ltr'><strong><em>ἐχόντων</em></strong></span> 
     </span>
    </p>
   </div>
   <div class='ocr_carea' id='block_1_7' title="bbox 167 2366 1519 2422">
    <p class='ocr_par' dir='ltr' id='par_1_8' title="bbox 167 2366 1519 2422">
     <span class='ocr_line' id='line_1_28' title="bbox 167 2366 1519 2422; baseline -0.001 -14"><span class='ocrx_word' id='word_1_217' title='bbox 167 2372 264 2409; x_wconf 79' lang='grc' dir='ltr'><strong><em>πολὺ</em></strong></span> <span class='ocrx_word' id='word_1_218' title='bbox 291 2371 332 2411; x_wconf 84' lang='grc' dir='ltr'><strong>τὸ</strong></span> <span class='ocrx_word' id='word_1_219' title='bbox 363 2366 581 2422; x_wconf 65' lang='grc' dir='ltr'><strong><em>ἀφύλακτον</em></strong></span> <span class='ocrx_word' id='word_1_220' title='bbox 608 2370 812 2420; x_wconf 69' lang='grc' dir='ltr'><strong><em>εὑρήσομεν</em></strong></span> <span class='ocrx_word' id='word_1_221' title='bbox 839 2372 934 2407; x_wconf 80' lang='grc' dir='ltr'><strong><em>κατὰ</em></strong></span> <span class='ocrx_word' id='word_1_222' title='bbox 977 2369 1047 2417; x_wconf 86' lang='grc' dir='ltr'><strong><em>μὲν</em></strong></span> <span class='ocrx_word' id='word_1_223' title='bbox 1081 2370 1284 2409; x_wconf 71' lang='grc' dir='ltr'><strong><em>θάλασσαν</em></strong></span> <span class='ocrx_word' id='word_1_224' title='bbox 1320 2371 1384 2407; x_wconf 83' lang='grc' dir='ltr'><em>καί</em></span> <span class='ocrx_word' id='word_1_225' title='bbox 1409 2368 1519 2416; x_wconf 80' lang='grc' dir='ltr'><strong><em>πάνυ,</em></strong></span> 
     </span>
    </p>
   </div>
   <div class='ocr_carea' id='block_1_8' title="bbox 1123 2485 1139 2497">
    <p class='ocr_par' dir='ltr' id='par_1_9' title="bbox 1123 2485 1139 2497">
     <span class='ocr_line' id='line_1_29' title="bbox 1123 2485 1139 2497; baseline 0 -2"><span class='ocrx_word' id='word_1_226' title='bbox 1123 2485 1139 2497; x_wconf 55' lang='lat'><em>1</em></span> 
     </span>
    </p>
   </div>
  </div>
 </body>
</html>
