<?xml version="1.0" encoding="UTF-8"?>
<!DOCTYPE html PUBLIC "-//W3C//DTD XHTML 1.0 Transitional//EN"
    "http://www.w3.org/TR/xhtml1/DTD/xhtml1-transitional.dtd">
<html xmlns="http://www.w3.org/1999/xhtml" xml:lang="en" lang="en">
 <head>
  <title>
</title>
<meta http-equiv="Content-Type" content="text/html;charset=utf-8" />
  <meta name='ocr-system' content='tesseract 3.04.00' />
  <meta name='ocr-capabilities' content='ocr_page ocr_carea ocr_par ocr_line ocrx_word'/>
</head>
<body>
  <div class='ocr_page' id='page_1' title='image "./4738078_0034.png"; bbox 0 0 1766 2820; ppageno 0'>
   <div class='ocr_carea' id='block_1_1' title="bbox 756 100 1012 138">
    <p class='ocr_par' dir='ltr' id='par_1_1' title="bbox 756 100 1012 138">
     <span class='ocr_line' id='line_1_1' title="bbox 756 100 1012 138; baseline 0.008 -11"><span class='ocrx_word' id='word_1_1' title='bbox 756 100 1012 138; x_wconf 55' lang='lat'><strong>„13-</strong></span> 
     </span>
    </p>
   </div>
   <div class='ocr_carea' id='block_1_2' title="bbox 201 200 1574 2207">
    <p class='ocr_par' dir='ltr' id='par_1_2' title="bbox 208 200 1573 843">
     <span class='ocr_line' id='line_1_2' title="bbox 342 200 1573 248; baseline -0.002 -9"><span class='ocrx_word' id='word_1_2' title='bbox 342 202 509 239; x_wconf 86' lang='lat' dir='ltr'><strong>Priorum</strong></span> <span class='ocrx_word' id='word_1_3' title='bbox 546 202 788 248; x_wconf 78' lang='lat' dir='ltr'><strong>interpretum</strong></span> <span class='ocrx_word' id='word_1_4' title='bbox 823 203 925 238; x_wconf 83' lang='lat' dir='ltr'><strong>varia</strong></span> <span class='ocrx_word' id='word_1_5' title='bbox 961 200 1167 248; x_wconf 85' lang='lat' dir='ltr'><strong>explicandi</strong></span> <span class='ocrx_word' id='word_1_6' title='bbox 1203 202 1367 248; x_wconf 89' lang='lat' dir='ltr'><strong>pericula</strong></span> <span class='ocrx_word' id='word_1_7' title='bbox 1406 201 1573 245; x_wconf 85' lang='lat' dir='ltr'><strong>uberius,</strong></span> 
     </span>
     <span class='ocr_line' id='line_1_3' title="bbox 209 267 1571 314; baseline -0.001 -9"><span class='ocrx_word' id='word_1_8' title='bbox 209 272 250 305; x_wconf 91' lang='lat' dir='ltr'><strong>ut</strong></span> <span class='ocrx_word' id='word_1_9' title='bbox 276 268 386 314; x_wconf 88' lang='lat' dir='ltr'><strong>solet,</strong></span> <span class='ocrx_word' id='word_1_10' title='bbox 413 267 481 305; x_wconf 85' lang='lat' dir='ltr'><strong>sed</strong></span> <span class='ocrx_word' id='word_1_11' title='bbox 507 272 629 312; x_wconf 85' lang='lat' dir='ltr'><strong>recte,</strong></span> <span class='ocrx_word' id='word_1_12' title='bbox 655 270 695 303; x_wconf 88' lang='lat' dir='ltr'><strong>ut</strong></span> <span class='ocrx_word' id='word_1_13' title='bbox 722 267 808 303; x_wconf 91' lang='lat' dir='ltr'><strong>mihi</strong></span> <span class='ocrx_word' id='word_1_14' title='bbox 837 267 1008 310; x_wconf 89' lang='lat' dir='ltr'><strong>videtur,</strong></span> <span class='ocrx_word' id='word_1_15' title='bbox 1037 267 1171 303; x_wconf 87' lang='lat' dir='ltr'><strong>reiecit</strong></span> <span class='ocrx_word' id='word_1_16' title='bbox 1198 268 1321 314; x_wconf 87' lang='lat' dir='ltr'><strong>Poppo</strong></span> <span class='ocrx_word' id='word_1_17' title='bbox 1350 278 1420 305; x_wconf 89' lang='lat' dir='ltr'><strong>nec</strong></span> <span class='ocrx_word' id='word_1_18' title='bbox 1449 272 1571 304; x_wconf 82' lang='lat' dir='ltr'><strong>tamen</strong></span> 
     </span>
     <span class='ocr_line' id='line_1_4' title="bbox 209 327 1570 382; baseline -0.003 -11"><span class='ocrx_word' id='word_1_19' title='bbox 209 335 290 382; x_wconf 90' lang='lat' dir='ltr'><strong>ipse</strong></span> <span class='ocrx_word' id='word_1_20' title='bbox 317 332 568 382; x_wconf 77' lang='lat' dir='ltr'>probabiliora</span> <span class='ocrx_word' id='word_1_21' title='bbox 594 342 820 380; x_wconf 85' lang='lat' dir='ltr'><strong>proponens.</strong></span> <span class='ocrx_word' id='word_1_22' title='bbox 879 332 981 369; x_wconf 83' lang='lat' dir='ltr'>Putat</span> <span class='ocrx_word' id='word_1_23' title='bbox 1008 332 1126 377; x_wconf 89' lang='lat' dir='ltr'><strong>enim,</strong></span> <span class='ocrx_word' id='word_1_24' title='bbox 1163 336 1248 380; x_wconf 89' lang='lat' dir='ltr'><strong>post</strong></span> <span class='ocrx_word' id='word_1_25' title='bbox 1275 327 1470 379; x_wconf 76' lang='grc' dir='ltr'><strong><em>ὀνομάτων</em></strong></span> <span class='ocrx_word' id='word_1_26' title='bbox 1497 342 1570 380; x_wconf 86' lang='lat' dir='ltr'><strong>ge-</strong></span> 
     </span>
     <span class='ocr_line' id='line_1_5' title="bbox 211 394 1571 444; baseline -0.003 -8"><span class='ocrx_word' id='word_1_27' title='bbox 211 400 375 436; x_wconf 88' lang='lat' dir='ltr'><strong>netivum</strong></span> <span class='ocrx_word' id='word_1_28' title='bbox 411 400 485 434; x_wconf 82' lang='grc' dir='ltr'><strong>τών</strong></span> <span class='ocrx_word' id='word_1_29' title='bbox 513 398 707 436; x_wconf 89' lang='lat' dir='ltr'><strong>articulum</strong></span> <span class='ocrx_word' id='word_1_30' title='bbox 742 398 951 444; x_wconf 80' lang='lat' dir='ltr'>excidisse,</span> <span class='ocrx_word' id='word_1_31' title='bbox 993 397 1127 434; x_wconf 88' lang='lat' dir='ltr'><strong>deinde</strong></span> <span class='ocrx_word' id='word_1_32' title='bbox 1168 398 1243 434; x_wconf 80' lang='grc' dir='ltr'><strong>τῶν</strong></span> <span class='ocrx_word' id='word_1_33' title='bbox 1279 394 1494 444; x_wconf 74' lang='grc' dir='ltr'>ἑμαστοχοῦ</span> <span class='ocrx_word' id='word_1_34' title='bbox 1522 418 1571 423; x_wconf 94' lang='lat'><strong>--</strong></span> 
     </span>
     <span class='ocr_line' id='line_1_6' title="bbox 210 458 1571 511; baseline 0.001 -12"><span class='ocrx_word' id='word_1_35' title='bbox 210 477 310 507; x_wconf 79' lang='grc' dir='ltr'>τινος</span> <span class='ocrx_word' id='word_1_36' title='bbox 355 464 467 502; x_wconf 87' lang='lat' dir='ltr'><strong>verba</strong></span> <span class='ocrx_word' id='word_1_37' title='bbox 507 464 672 511; x_wconf 88' lang='lat' dir='ltr'><strong>pendere</strong></span> <span class='ocrx_word' id='word_1_38' title='bbox 701 474 748 500; x_wconf 88' lang='lat' dir='ltr'><strong>ex</strong></span> <span class='ocrx_word' id='word_1_39' title='bbox 772 458 1034 510; x_wconf 71' lang='grc' dir='ltr'><strong>ἀπαρίθμησιν</strong></span> <span class='ocrx_word' id='word_1_40' title='bbox 1061 463 1198 509; x_wconf 85' lang='lat' dir='ltr'><strong>subst.,</strong></span> <span class='ocrx_word' id='word_1_41' title='bbox 1227 463 1389 511; x_wconf 87' lang='lat' dir='ltr'><strong>denique</strong></span> <span class='ocrx_word' id='word_1_42' title='bbox 1416 459 1571 510; x_wconf 73' lang='grc' dir='ltr'><strong><em>ἆπαριθ.</em></strong></span> 
     </span>
     <span class='ocr_line' id='line_1_7' title="bbox 210 529 1573 578; baseline -0.001 -12"><span class='ocrx_word' id='word_1_43' title='bbox 210 540 258 567; x_wconf 82' lang='lat' dir='ltr'><strong>ex</strong></span> <span class='ocrx_word' id='word_1_44' title='bbox 280 530 475 578; x_wconf 81' lang='lat' dir='ltr'><strong>superiore</strong></span> <span class='ocrx_word' id='word_1_45' title='bbox 503 529 596 565; x_wconf 77' lang='grc' dir='ltr'><em>κατά</em></span> <span class='ocrx_word' id='word_1_46' title='bbox 625 530 930 577; x_wconf 83' lang='lat' dir='ltr'><strong>praepositione,</strong></span> <span class='ocrx_word' id='word_1_47' title='bbox 960 529 1031 565; x_wconf 90' lang='lat' dir='ltr'><strong>hoc</strong></span> <span class='ocrx_word' id='word_1_48' title='bbox 1059 529 1169 566; x_wconf 88' lang='lat' dir='ltr'><strong>modo</strong></span> <span class='ocrx_word' id='word_1_49' title='bbox 1198 530 1417 567; x_wconf 87' lang='lat' dir='ltr'><strong>sententiam</strong></span> <span class='ocrx_word' id='word_1_50' title='bbox 1445 529 1573 576; x_wconf 84' lang='lat' dir='ltr'><strong>expri-</strong></span> 
     </span>
     <span class='ocr_line' id='line_1_8' title="bbox 209 593 1572 643; baseline -0.001 -11"><span class='ocrx_word' id='word_1_51' title='bbox 209 605 334 634; x_wconf 85' lang='lat' dir='ltr'><strong>mens:</strong></span> <span class='ocrx_word' id='word_1_52' title='bbox 361 598 530 642; x_wconf 87' lang='lat' dir='ltr'><strong>„spectet</strong></span> <span class='ocrx_word' id='word_1_53' title='bbox 557 599 680 631; x_wconf 86' lang='lat' dir='ltr'><strong>autem</strong></span> <span class='ocrx_word' id='word_1_54' title='bbox 708 594 841 643; x_wconf 86' lang='lat' dir='ltr'><strong>aliquis</strong></span> <span class='ocrx_word' id='word_1_55' title='bbox 870 593 1076 631; x_wconf 89' lang='lat' dir='ltr'><strong>secundum</strong></span> <span class='ocrx_word' id='word_1_56' title='bbox 1111 598 1278 643; x_wconf 86' lang='lat' dir='ltr'><strong>tempora</strong></span> <span class='ocrx_word' id='word_1_57' title='bbox 1321 597 1358 631; x_wconf 91' lang='lat' dir='ltr'><strong>et</strong></span> <span class='ocrx_word' id='word_1_58' title='bbox 1384 604 1459 631; x_wconf 93' lang='lat' dir='ltr'><strong>non</strong></span> <span class='ocrx_word' id='word_1_59' title='bbox 1486 596 1572 639; x_wconf 88' lang='lat' dir='ltr'><strong>(se-</strong></span> 
     </span>
     <span class='ocr_line' id='line_1_9' title="bbox 210 661 1573 710; baseline -0.001 -13"><span class='ocrx_word' id='word_1_60' title='bbox 210 662 395 705; x_wconf 86' lang='lat' dir='ltr'><strong>cundum)</strong></span> <span class='ocrx_word' id='word_1_61' title='bbox 424 672 553 699; x_wconf 88' lang='lat' dir='ltr'><strong>eorum</strong></span> <span class='ocrx_word' id='word_1_62' title='bbox 581 662 645 708; x_wconf 83' lang='lat' dir='ltr'><strong>qui</strong></span> <span class='ocrx_word' id='word_1_63' title='bbox 672 661 829 710; x_wconf 87' lang='lat' dir='ltr'><strong>singulis</strong></span> <span class='ocrx_word' id='word_1_64' title='bbox 857 661 894 697; x_wconf 91' lang='lat' dir='ltr'><strong>in</strong></span> <span class='ocrx_word' id='word_1_65' title='bbox 914 661 1119 698; x_wconf 84' lang='lat' dir='ltr'><strong>civitatibus</strong></span> <span class='ocrx_word' id='word_1_66' title='bbox 1146 664 1207 699; x_wconf 86' lang='lat' dir='ltr'><strong>aut</strong></span> <span class='ocrx_word' id='word_1_67' title='bbox 1234 662 1468 709; x_wconf 80' lang='lat' dir='ltr'><strong>magistratus</strong></span> <span class='ocrx_word' id='word_1_68' title='bbox 1499 671 1573 709; x_wconf 86' lang='lat' dir='ltr'><strong>ge-</strong></span> 
     </span>
     <span class='ocr_line' id='line_1_10' title="bbox 208 727 1573 776; baseline -0.001 -12"><span class='ocrx_word' id='word_1_69' title='bbox 208 732 299 765; x_wconf 89' lang='lat' dir='ltr'><strong>runt</strong></span> <span class='ocrx_word' id='word_1_70' title='bbox 325 731 388 765; x_wconf 83' lang='lat' dir='ltr'><strong>aut</strong></span> <span class='ocrx_word' id='word_1_71' title='bbox 414 728 539 776; x_wconf 86' lang='lat' dir='ltr'><strong>aliquo</strong></span> <span class='ocrx_word' id='word_1_72' title='bbox 560 727 704 765; x_wconf 86' lang='lat' dir='ltr'><strong>honore</strong></span> <span class='ocrx_word' id='word_1_73' title='bbox 722 727 943 775; x_wconf 86' lang='lat' dir='ltr'><strong>funguntur,</strong></span> <span class='ocrx_word' id='word_1_74' title='bbox 972 727 1299 772; x_wconf 85' lang='lat' dir='ltr'><strong>enumerationem,</strong></span> <span class='ocrx_word' id='word_1_75' title='bbox 1328 737 1422 774; x_wconf 87' lang='lat' dir='ltr'><strong>quae</strong></span> <span class='ocrx_word' id='word_1_76' title='bbox 1449 737 1573 763; x_wconf 88' lang='lat' dir='ltr'><strong>rerum</strong></span> 
     </span>
     <span class='ocr_line' id='line_1_11' title="bbox 211 791 1435 843; baseline -0.001 -12"><span class='ocrx_word' id='word_1_77' title='bbox 211 797 299 832; x_wconf 86' lang='lat' dir='ltr'><strong>ante</strong></span> <span class='ocrx_word' id='word_1_78' title='bbox 326 796 516 843; x_wconf 84' lang='lat' dir='ltr'><strong>gestarum</strong></span> <span class='ocrx_word' id='word_1_79' title='bbox 543 796 655 831; x_wconf 87' lang='lat' dir='ltr'><strong>notae</strong></span> <span class='ocrx_word' id='word_1_80' title='bbox 681 793 769 838; x_wconf 86' lang='lat' dir='ltr'><strong>sint,</strong></span> <span class='ocrx_word' id='word_1_81' title='bbox 798 793 916 840; x_wconf 81' lang='lat' dir='ltr'><strong>magis</strong></span> <span class='ocrx_word' id='word_1_82' title='bbox 944 792 1102 840; x_wconf 89' lang='lat' dir='ltr'><strong>(potius)</strong></span> <span class='ocrx_word' id='word_1_83' title='bbox 1129 792 1236 829; x_wconf 85' lang='lat' dir='ltr'><strong>fidem</strong></span> <span class='ocrx_word' id='word_1_84' title='bbox 1262 791 1435 830; x_wconf 83' lang='lat' dir='ltr'><strong>habens.“</strong></span> 
     </span>
    </p>

    <p class='ocr_par' dir='ltr' id='par_1_3' title="bbox 209 855 1573 1028">
     <span class='ocr_line' id='line_1_12' title="bbox 339 855 1573 905; baseline 0 -9"><span class='ocrx_word' id='word_1_85' title='bbox 339 859 386 896; x_wconf 92' lang='lat' dir='ltr'><strong>Ut</strong></span> <span class='ocrx_word' id='word_1_86' title='bbox 411 863 568 904; x_wconf 86' lang='lat' dir='ltr'><strong>taceam,</strong></span> <span class='ocrx_word' id='word_1_87' title='bbox 596 855 801 901; x_wconf 76' lang='grc' dir='ltr'><strong><em>πιστεύσας</em></strong></span> <span class='ocrx_word' id='word_1_88' title='bbox 829 859 1061 905; x_wconf 86' lang='lat' dir='ltr'><strong>participium</strong></span> <span class='ocrx_word' id='word_1_89' title='bbox 1100 869 1177 896; x_wconf 91' lang='lat' dir='ltr'><strong>non</strong></span> <span class='ocrx_word' id='word_1_90' title='bbox 1200 859 1339 895; x_wconf 86' lang='lat' dir='ltr'><strong>babere</strong></span> <span class='ocrx_word' id='word_1_91' title='bbox 1366 869 1441 905; x_wconf 87' lang='lat' dir='ltr'><strong>quo</strong></span> <span class='ocrx_word' id='word_1_92' title='bbox 1468 858 1573 896; x_wconf 81' lang='lat' dir='ltr'><strong>refe-</strong></span> 
     </span>
     <span class='ocr_line' id='line_1_13' title="bbox 209 923 1572 972; baseline 0.001 -11"><span class='ocrx_word' id='word_1_93' title='bbox 209 928 325 970; x_wconf 86' lang='lat' dir='ltr'><strong>ratur,</strong></span> <span class='ocrx_word' id='word_1_94' title='bbox 354 935 463 972; x_wconf 76' lang='lat' dir='ltr'><strong>quarn</strong></span> <span class='ocrx_word' id='word_1_95' title='bbox 500 923 591 961; x_wconf 89' lang='lat' dir='ltr'><strong>dura</strong></span> <span class='ocrx_word' id='word_1_96' title='bbox 619 927 657 960; x_wconf 87' lang='lat' dir='ltr'><strong>et</strong></span> <span class='ocrx_word' id='word_1_97' title='bbox 684 927 854 961; x_wconf 89' lang='lat' dir='ltr'><strong>contorta</strong></span> <span class='ocrx_word' id='word_1_98' title='bbox 881 924 930 960; x_wconf 87' lang='lat' dir='ltr'><strong>sit</strong></span> <span class='ocrx_word' id='word_1_99' title='bbox 954 927 1031 961; x_wconf 87' lang='lat' dir='ltr'><strong>tota</strong></span> <span class='ocrx_word' id='word_1_100' title='bbox 1060 923 1151 961; x_wconf 84' lang='lat' dir='ltr'><strong>haec</strong></span> <span class='ocrx_word' id='word_1_101' title='bbox 1177 925 1286 970; x_wconf 87' lang='lat' dir='ltr'><strong>ratio,</strong></span> <span class='ocrx_word' id='word_1_102' title='bbox 1316 925 1572 972; x_wconf 82' lang='lat' dir='ltr'><strong>unusquisque</strong></span> 
     </span>
     <span class='ocr_line' id='line_1_14' title="bbox 211 991 323 1028; baseline -0.027 0"><span class='ocrx_word' id='word_1_103' title='bbox 211 991 323 1028; x_wconf 88' lang='lat' dir='ltr'><strong>videt.</strong></span> 
     </span>
    </p>

    <p class='ocr_par' dir='ltr' id='par_1_4' title="bbox 209 1055 1573 1234">
     <span class='ocr_line' id='line_1_15' title="bbox 340 1055 1572 1106; baseline 0.001 -15"><span class='ocrx_word' id='word_1_104' title='bbox 340 1057 459 1102; x_wconf 86' lang='lat' dir='ltr'><strong>Quum</strong></span> <span class='ocrx_word' id='word_1_105' title='bbox 502 1056 614 1104; x_wconf 84' lang='lat' dir='ltr'><strong>igitur</strong></span> <span class='ocrx_word' id='word_1_106' title='bbox 659 1065 768 1092; x_wconf 91' lang='lat' dir='ltr'><strong>nemo</strong></span> <span class='ocrx_word' id='word_1_107' title='bbox 814 1055 933 1091; x_wconf 85' lang='lat' dir='ltr'><strong>adhuc</strong></span> <span class='ocrx_word' id='word_1_108' title='bbox 978 1055 1148 1092; x_wconf 87' lang='lat' dir='ltr'><strong>idoneam</strong></span> <span class='ocrx_word' id='word_1_109' title='bbox 1184 1065 1297 1093; x_wconf 82' lang='lat' dir='ltr'><strong>verae</strong></span> <span class='ocrx_word' id='word_1_110' title='bbox 1339 1056 1572 1106; x_wconf 83' lang='lat' dir='ltr'><strong>indagandae</strong></span> 
     </span>
     <span class='ocr_line' id='line_1_16' title="bbox 209 1121 1573 1172; baseline -0.001 -13"><span class='ocrx_word' id='word_1_111' title='bbox 209 1123 417 1172; x_wconf 87' lang='lat' dir='ltr'><strong>scripturae</strong></span> <span class='ocrx_word' id='word_1_112' title='bbox 446 1123 542 1159; x_wconf 90' lang='lat' dir='ltr'><strong>viam</strong></span> <span class='ocrx_word' id='word_1_113' title='bbox 569 1122 798 1169; x_wconf 87' lang='lat' dir='ltr'><strong>patefecerit,</strong></span> <span class='ocrx_word' id='word_1_114' title='bbox 814 1122 885 1158; x_wconf 89' lang='lat' dir='ltr'><strong>iam</strong></span> <span class='ocrx_word' id='word_1_115' title='bbox 901 1121 1000 1166; x_wconf 84' lang='lat' dir='ltr'><strong>vide,</strong></span> <span class='ocrx_word' id='word_1_116' title='bbox 1029 1122 1216 1168; x_wconf 89' lang='lat' dir='ltr'><strong>quomodo</strong></span> <span class='ocrx_word' id='word_1_117' title='bbox 1237 1132 1307 1170; x_wconf 80' lang='lat' dir='ltr'><strong>ego</strong></span> <span class='ocrx_word' id='word_1_118' title='bbox 1336 1122 1573 1159; x_wconf 88' lang='lat' dir='ltr'><strong>coniectandi</strong></span> 
     </span>
     <span class='ocr_line' id='line_1_17' title="bbox 210 1187 718 1234; baseline -0.008 -8"><span class='ocrx_word' id='word_1_119' title='bbox 210 1198 363 1226; x_wconf 87' lang='lat' dir='ltr'><strong>munere</strong></span> <span class='ocrx_word' id='word_1_120' title='bbox 390 1187 611 1234; x_wconf 79' lang='lat' dir='ltr'><strong>perfunctus</strong></span> <span class='ocrx_word' id='word_1_121' title='bbox 640 1187 718 1224; x_wconf 90' lang='lat' dir='ltr'><strong>sim.</strong></span> 
     </span>
    </p>

    <p class='ocr_par' dir='ltr' id='par_1_5' title="bbox 201 1252 1574 1688">
     <span class='ocr_line' id='line_1_18' title="bbox 339 1252 1571 1301; baseline 0 -11"><span class='ocrx_word' id='word_1_122' title='bbox 339 1253 498 1290; x_wconf 89' lang='lat' dir='ltr'><strong>Primum</strong></span> <span class='ocrx_word' id='word_1_123' title='bbox 525 1256 609 1289; x_wconf 87' lang='lat' dir='ltr'><strong>ante</strong></span> <span class='ocrx_word' id='word_1_124' title='bbox 636 1252 710 1287; x_wconf 80' lang='grc' dir='ltr'><strong>τῶν</strong></span> <span class='ocrx_word' id='word_1_125' title='bbox 738 1252 942 1289; x_wconf 77' lang='lat' dir='ltr'><strong>articulum</strong></span> <span class='ocrx_word' id='word_1_126' title='bbox 962 1263 1013 1300; x_wconf 78' lang='grc' dir='ltr'><strong>τῳ</strong></span> <span class='ocrx_word' id='word_1_127' title='bbox 1040 1263 1248 1301; x_wconf 88' lang='lat' dir='ltr'><strong>pronomen</strong></span> <span class='ocrx_word' id='word_1_128' title='bbox 1283 1254 1458 1290; x_wconf 90' lang='lat' dir='ltr'><strong>omissum</strong></span> <span class='ocrx_word' id='word_1_129' title='bbox 1487 1264 1571 1291; x_wconf 89' lang='lat' dir='ltr'><strong>esse</strong></span> 
     </span>
     <span class='ocr_line' id='line_1_19' title="bbox 214 1316 1572 1367; baseline 0 -10"><span class='ocrx_word' id='word_1_130' title='bbox 214 1320 410 1367; x_wconf 80' lang='lat' dir='ltr'><strong>suspicor3</strong></span> <span class='ocrx_word' id='word_1_131' title='bbox 453 1316 607 1354; x_wconf 69' lang='grc' dir='ltr'><em>ΤΩΙΞ</em></span> <span class='ocrx_word' id='word_1_132' title='bbox 632 1316 749 1353; x_wconf 90' lang='grc' dir='ltr'><strong>ΤΩΝ</strong></span> <span class='ocrx_word' id='word_1_133' title='bbox 754 1332 765 1362; x_wconf 86' lang='grc'><strong>,-</strong></span> <span class='ocrx_word' id='word_1_134' title='bbox 794 1321 867 1355; x_wconf 86' lang='lat' dir='ltr'><strong>tum</strong></span> <span class='ocrx_word' id='word_1_135' title='bbox 900 1318 1042 1354; x_wconf 83' lang='lat' dir='ltr'><strong>librarii</strong></span> <span class='ocrx_word' id='word_1_136' title='bbox 1079 1329 1212 1356; x_wconf 87' lang='lat' dir='ltr'><strong>errore</strong></span> <span class='ocrx_word' id='word_1_137' title='bbox 1255 1318 1377 1365; x_wconf 85' lang='lat' dir='ltr'><strong>ducti,</strong></span> <span class='ocrx_word' id='word_1_138' title='bbox 1416 1330 1499 1356; x_wconf 91' lang='lat' dir='ltr'><strong>cum</strong></span> <span class='ocrx_word' id='word_1_139' title='bbox 1535 1320 1572 1357; x_wconf 89' lang='lat' dir='ltr'><strong>in</strong></span> 
     </span>
     <span class='ocr_line' id='line_1_20' title="bbox 216 1383 1574 1434; baseline 0.003 -14"><span class='ocrx_word' id='word_1_140' title='bbox 216 1383 388 1432; x_wconf 72' lang='grc' dir='ltr'>σημαίνω</span> <span class='ocrx_word' id='word_1_141' title='bbox 416 1384 532 1421; x_wconf 87' lang='lat' dir='ltr'><strong>verbo</strong></span> <span class='ocrx_word' id='word_1_142' title='bbox 560 1383 713 1420; x_wconf 85' lang='lat' dir='ltr'><strong>activam</strong></span> <span class='ocrx_word' id='word_1_143' title='bbox 734 1384 804 1420; x_wconf 89' lang='lat' dir='ltr'><strong>vim</strong></span> <span class='ocrx_word' id='word_1_144' title='bbox 832 1385 957 1421; x_wconf 87' lang='lat' dir='ltr'><strong>inesse</strong></span> <span class='ocrx_word' id='word_1_145' title='bbox 973 1388 1156 1434; x_wconf 79' lang='lat' dir='ltr'><strong>‘putarent</strong></span> <span class='ocrx_word' id='word_1_146' title='bbox 1182 1386 1263 1423; x_wconf 89' lang='lat' dir='ltr'><strong>sive</strong></span> <span class='ocrx_word' id='word_1_147' title='bbox 1291 1385 1359 1423; x_wconf 86' lang='lat' dir='ltr'><strong>alia</strong></span> <span class='ocrx_word' id='word_1_148' title='bbox 1388 1386 1434 1423; x_wconf 94' lang='lat' dir='ltr'><strong>de</strong></span> <span class='ocrx_word' id='word_1_149' title='bbox 1462 1396 1574 1424; x_wconf 82' lang='lat' dir='ltr'><strong>causa</strong></span> 
     </span>
     <span class='ocr_line' id='line_1_21' title="bbox 211 1445 1573 1498; baseline 0.003 -14"><span class='ocrx_word' id='word_1_150' title='bbox 211 1445 475 1497; x_wconf 70' lang='grc' dir='ltr'>ἀπαρίθμησιν</span> <span class='ocrx_word' id='word_1_151' title='bbox 515 1450 765 1487; x_wconf 73' lang='lat' dir='ltr'><strong>accusativum</strong></span> <span class='ocrx_word' id='word_1_152' title='bbox 800 1461 870 1498; x_wconf 81' lang='lat' dir='ltr'><strong>pro</strong></span> <span class='ocrx_word' id='word_1_153' title='bbox 908 1447 1165 1497; x_wconf 66' lang='grc' dir='ltr'><em>ἀπαριθμήσει</em></span> <span class='ocrx_word' id='word_1_154' title='bbox 1192 1452 1315 1490; x_wconf 74' lang='lat' dir='ltr'><strong>dativo</strong></span> <span class='ocrx_word' id='word_1_155' title='bbox 1341 1452 1436 1489; x_wconf 81' lang='lat' dir='ltr'><strong>falso</strong></span> <span class='ocrx_word' id='word_1_156' title='bbox 1474 1454 1573 1489; x_wconf 87' lang='lat' dir='ltr'><strong>scri-</strong></span> 
     </span>
     <span class='ocr_line' id='line_1_22' title="bbox 209 1514 1571 1569; baseline 0 -16"><span class='ocrx_word' id='word_1_157' title='bbox 209 1515 329 1562; x_wconf 81' lang='lat' dir='ltr'><strong>psisse</strong></span> <span class='ocrx_word' id='word_1_158' title='bbox 360 1514 594 1553; x_wconf 86' lang='lat' dir='ltr'><strong>existimandi</strong></span> <span class='ocrx_word' id='word_1_159' title='bbox 630 1518 734 1552; x_wconf 89' lang='lat' dir='ltr'><strong>sunt:</strong></span> <span class='ocrx_word' id='word_1_160' title='bbox 771 1516 870 1563; x_wconf 90' lang='lat' dir='ltr'><strong>quod</strong></span> <span class='ocrx_word' id='word_1_161' title='bbox 899 1516 1046 1564; x_wconf 85' lang='lat' dir='ltr'><strong>quidem</strong></span> <span class='ocrx_word' id='word_1_162' title='bbox 1074 1517 1106 1553; x_wconf 91' lang='lat' dir='ltr'><strong>si</strong></span> <span class='ocrx_word' id='word_1_163' title='bbox 1133 1517 1344 1555; x_wconf 88' lang='lat' dir='ltr'><strong>restitueris</strong></span> <span class='ocrx_word' id='word_1_164' title='bbox 1373 1522 1482 1565; x_wconf 86' lang='lat' dir='ltr'><strong>atque</strong></span> <span class='ocrx_word' id='word_1_165' title='bbox 1521 1532 1571 1569; x_wconf 80' lang='grc' dir='ltr'><strong>τῳ</strong></span> 
     </span>
     <span class='ocr_line' id='line_1_23' title="bbox 201 1580 1572 1628; baseline 0.003 -11"><span class='ocrx_word' id='word_1_166' title='bbox 201 1580 300 1626; x_wconf 73' lang='lat' dir='ltr'><strong>,illud</strong></span> <span class='ocrx_word' id='word_1_167' title='bbox 328 1581 365 1616; x_wconf 93' lang='lat' dir='ltr'><strong>in</strong></span> <span class='ocrx_word' id='word_1_168' title='bbox 395 1581 710 1616; x_wconf 89' lang='lat' dir='ltr'><strong>continuationem</strong></span> <span class='ocrx_word' id='word_1_169' title='bbox 738 1581 940 1617; x_wconf 88' lang='lat' dir='ltr'><strong>verborum</strong></span> <span class='ocrx_word' id='word_1_170' title='bbox 963 1583 1168 1628; x_wconf 82' lang='lat' dir='ltr'><strong>receperis,</strong></span> <span class='ocrx_word' id='word_1_171' title='bbox 1194 1582 1348 1620; x_wconf 90' lang='lat' dir='ltr'><strong>habebis</strong></span> <span class='ocrx_word' id='word_1_172' title='bbox 1375 1583 1471 1620; x_wconf 88' lang='lat' dir='ltr'><strong>hanc</strong></span> <span class='ocrx_word' id='word_1_173' title='bbox 1498 1594 1572 1621; x_wconf 88' lang='lat' dir='ltr'><strong>non</strong></span> 
     </span>
     <span class='ocr_line' id='line_1_24' title="bbox 212 1645 973 1688; baseline -0.003 -3"><span class='ocrx_word' id='word_1_174' title='bbox 212 1647 283 1688; x_wconf 80' lang='lat' dir='ltr'><strong>iam</strong></span> <span class='ocrx_word' id='word_1_175' title='bbox 311 1645 541 1685; x_wconf 84' lang='lat' dir='ltr'><strong>laborantem</strong></span> <span class='ocrx_word' id='word_1_176' title='bbox 569 1647 778 1685; x_wconf 86' lang='lat' dir='ltr'><strong>sententiae</strong></span> <span class='ocrx_word' id='word_1_177' title='bbox 803 1646 973 1685; x_wconf 85' lang='lat' dir='ltr'><strong>formam:</strong></span> 
     </span>
    </p>

    <p class='ocr_par' dir='ltr' id='par_1_6' title="bbox 208 1707 1573 1826">
     <span class='ocr_line' id='line_1_25' title="bbox 338 1707 1573 1764; baseline 0.006 -18"><span class='ocrx_word' id='word_1_178' title='bbox 338 1733 386 1739; x_wconf 89' lang='lat'>—</span> <span class='ocrx_word' id='word_1_179' title='bbox 407 1710 472 1747; x_wconf 77' lang='grc' dir='ltr'><em>καί</em></span> <span class='ocrx_word' id='word_1_180' title='bbox 501 1709 554 1757; x_wconf 75' lang='grc' dir='ltr'><strong>μὴ</strong></span> <span class='ocrx_word' id='word_1_181' title='bbox 594 1725 653 1761; x_wconf 80' lang='grc' dir='ltr'><strong>τῳ</strong></span> <span class='ocrx_word' id='word_1_182' title='bbox 680 1712 771 1747; x_wconf 81' lang='grc' dir='ltr'><strong>τῶν</strong></span> <span class='ocrx_word' id='word_1_183' title='bbox 798 1709 1012 1760; x_wconf 66' lang='grc' dir='ltr'>ἓκαστοχοῦ</span> <span class='ocrx_word' id='word_1_184' title='bbox 1041 1708 1063 1759; x_wconf 79' lang='grc' dir='ltr'><em>ἢ</em></span> <span class='ocrx_word' id='word_1_185' title='bbox 1090 1707 1284 1762; x_wconf 70' lang='grc' dir='ltr'>ἀρχόντων</span> <span class='ocrx_word' id='word_1_186' title='bbox 1311 1711 1334 1762; x_wconf 84' lang='grc' dir='ltr'><em>ἢ</em></span> <span class='ocrx_word' id='word_1_187' title='bbox 1360 1713 1433 1752; x_wconf 75' lang='grc' dir='ltr'><strong>ἀπὸ</strong></span> <span class='ocrx_word' id='word_1_188' title='bbox 1462 1717 1573 1764; x_wconf 80' lang='grc' dir='ltr'>τιμῆς</span> 
     </span>
     <span class='ocr_line' id='line_1_26' title="bbox 208 1770 1184 1826; baseline 0.003 -14"><span class='ocrx_word' id='word_1_189' title='bbox 208 1791 309 1820; x_wconf 80' lang='grc' dir='ltr'>τινος</span> <span class='ocrx_word' id='word_1_190' title='bbox 336 1777 393 1826; x_wconf 81' lang='grc' dir='ltr'><strong>τῇ</strong></span> <span class='ocrx_word' id='word_1_191' title='bbox 421 1770 758 1824; x_wconf 69' lang='grc' dir='ltr'><em>ἀπαριθμήσει</em></span> <span class='ocrx_word' id='word_1_192' title='bbox 785 1778 859 1814; x_wconf 75' lang='grc' dir='ltr'><strong>τῶν</strong></span> <span class='ocrx_word' id='word_1_193' title='bbox 883 1771 1084 1823; x_wconf 70' lang='grc' dir='ltr'>ὀνομάτων</span> <span class='ocrx_word' id='word_1_194' title='bbox 1110 1775 1184 1816; x_wconf 55' lang='lat' dir='ltr'><strong>xri.</strong></span> 
     </span>
    </p>

    <p class='ocr_par' dir='ltr' id='par_1_7' title="bbox 208 1844 1572 2089">
     <span class='ocr_line' id='line_1_27' title="bbox 338 1844 1571 1897; baseline 0.006 -17"><span class='ocrx_word' id='word_1_195' title='bbox 338 1847 504 1892; x_wconf 87' lang='lat' dir='ltr'><strong>„spectet</strong></span> <span class='ocrx_word' id='word_1_196' title='bbox 532 1849 653 1881; x_wconf 86' lang='lat' dir='ltr'><strong>autem</strong></span> <span class='ocrx_word' id='word_1_197' title='bbox 682 1844 815 1893; x_wconf 87' lang='lat' dir='ltr'><strong>aliquis</strong></span> <span class='ocrx_word' id='word_1_198' title='bbox 840 1845 1048 1882; x_wconf 90' lang='lat' dir='ltr'><strong>secundum</strong></span> <span class='ocrx_word' id='word_1_199' title='bbox 1076 1850 1242 1895; x_wconf 89' lang='lat' dir='ltr'><strong>tempora</strong></span> <span class='ocrx_word' id='word_1_200' title='bbox 1271 1859 1366 1886; x_wconf 91' lang='lat' dir='ltr'><strong>neve</strong></span> <span class='ocrx_word' id='word_1_201' title='bbox 1401 1851 1571 1897; x_wconf 88' lang='lat' dir='ltr'><strong>cuiquam</strong></span> 
     </span>
     <span class='ocr_line' id='line_1_28' title="bbox 210 1911 1572 1964; baseline 0.005 -18"><span class='ocrx_word' id='word_1_202' title='bbox 210 1921 353 1956; x_wconf 88' lang='lat' dir='ltr'><strong>eorum,</strong></span> <span class='ocrx_word' id='word_1_203' title='bbox 382 1911 444 1956; x_wconf 91' lang='lat' dir='ltr'><strong>qui</strong></span> <span class='ocrx_word' id='word_1_204' title='bbox 473 1911 628 1958; x_wconf 88' lang='lat' dir='ltr'><strong>singulis</strong></span> <span class='ocrx_word' id='word_1_205' title='bbox 662 1912 701 1946; x_wconf 90' lang='lat' dir='ltr'><strong>in</strong></span> <span class='ocrx_word' id='word_1_206' title='bbox 736 1911 946 1947; x_wconf 85' lang='lat' dir='ltr'><strong>civitatibus</strong></span> <span class='ocrx_word' id='word_1_207' title='bbox 985 1915 1048 1947; x_wconf 89' lang='lat' dir='ltr'><strong>aut</strong></span> <span class='ocrx_word' id='word_1_208' title='bbox 1081 1914 1316 1961; x_wconf 84' lang='lat' dir='ltr'><strong>magistratus</strong></span> <span class='ocrx_word' id='word_1_209' title='bbox 1349 1920 1483 1964; x_wconf 88' lang='lat' dir='ltr'><strong>gerant</strong></span> <span class='ocrx_word' id='word_1_210' title='bbox 1510 1921 1572 1953; x_wconf 90' lang='lat' dir='ltr'><strong>aut</strong></span> 
     </span>
     <span class='ocr_line' id='line_1_29' title="bbox 210 1974 1571 2023; baseline 0.004 -11"><span class='ocrx_word' id='word_1_211' title='bbox 210 1976 335 2023; x_wconf 87' lang='lat' dir='ltr'><strong>aliquo</strong></span> <span class='ocrx_word' id='word_1_212' title='bbox 362 1975 507 2012; x_wconf 87' lang='lat' dir='ltr'><strong>honore</strong></span> <span class='ocrx_word' id='word_1_213' title='bbox 535 1974 737 2023; x_wconf 86' lang='lat' dir='ltr'><strong>fungentes</strong></span> <span class='ocrx_word' id='word_1_214' title='bbox 774 1976 1058 2012; x_wconf 88' lang='lat' dir='ltr'><strong>enumeratione</strong></span> <span class='ocrx_word' id='word_1_215' title='bbox 1095 1979 1284 2016; x_wconf 87' lang='lat' dir='ltr'><strong>nominum</strong></span> <span class='ocrx_word' id='word_1_216' title='bbox 1317 1979 1372 2016; x_wconf 89' lang='lat' dir='ltr'><strong>ad.</strong></span> <span class='ocrx_word' id='word_1_217' title='bbox 1390 1991 1453 2017; x_wconf 88' lang='lat' dir='ltr'><strong>res</strong></span> <span class='ocrx_word' id='word_1_218' title='bbox 1488 1985 1571 2018; x_wconf 88' lang='lat' dir='ltr'><strong>ante</strong></span> 
     </span>
     <span class='ocr_line' id='line_1_30' title="bbox 208 2040 1159 2089; baseline 0.001 -12"><span class='ocrx_word' id='word_1_219' title='bbox 208 2045 339 2089; x_wconf 85' lang='lat' dir='ltr'><strong>gestas</strong></span> <span class='ocrx_word' id='word_1_220' title='bbox 367 2042 475 2089; x_wconf 85' lang='lat' dir='ltr'><strong>signa</strong></span> <span class='ocrx_word' id='word_1_221' title='bbox 500 2040 673 2086; x_wconf 82' lang='lat' dir='ltr'><strong>offerant,</strong></span> <span class='ocrx_word' id='word_1_222' title='bbox 702 2041 819 2088; x_wconf 86' lang='lat' dir='ltr'><strong>magis</strong></span> <span class='ocrx_word' id='word_1_223' title='bbox 847 2042 955 2077; x_wconf 84' lang='lat' dir='ltr'><strong>fidem</strong></span> <span class='ocrx_word' id='word_1_224' title='bbox 983 2041 1159 2078; x_wconf 88' lang='lat' dir='ltr'><strong>habens.“</strong></span> 
     </span>
    </p>

    <p class='ocr_par' dir='ltr' id='par_1_8' title="bbox 210 2103 1573 2207">
     <span class='ocr_line' id='line_1_31' title="bbox 338 2103 1573 2158; baseline 0.005 -16"><span class='ocrx_word' id='word_1_225' title='bbox 338 2105 436 2146; x_wconf 60' lang='lat' dir='ltr'><strong>Vide,</strong></span> <span class='ocrx_word' id='word_1_226' title='bbox 458 2106 575 2144; x_wconf 85' lang='lat' dir='ltr'><strong>schol.</strong></span> <span class='ocrx_word' id='word_1_227' title='bbox 616 2116 646 2143; x_wconf 88' lang='lat' dir='ltr'><strong>S.</strong></span> <span class='ocrx_word' id='word_1_228' title='bbox 686 2118 720 2143; x_wconf 91' lang='lat' dir='ltr'><strong>v.</strong></span> <span class='ocrx_word' id='word_1_229' title='bbox 751 2103 1028 2154; x_wconf 83' lang='grc' dir='ltr'>σημαινόντων]</span> <span class='ocrx_word' id='word_1_230' title='bbox 1076 2108 1268 2155; x_wconf 71' lang='grc' dir='ltr'>σημασίαν</span> <span class='ocrx_word' id='word_1_231' title='bbox 1304 2109 1369 2147; x_wconf 81' lang='grc' dir='ltr'><em>καί</em></span> <span class='ocrx_word' id='word_1_232' title='bbox 1407 2110 1573 2158; x_wconf 75' lang='grc' dir='ltr'>δήλωσιν</span> 
     </span>
     <span class='ocr_line' id='line_1_32' title="bbox 210 2168 400 2207; baseline 0.011 -2"><span class='ocrx_word' id='word_1_233' title='bbox 210 2168 400 2207; x_wconf 79' lang='grc' dir='ltr'>διδόντων.</span> 
     </span>
    </p>
   </div>
  </div>
 </body>
</html>
