<?xml version="1.0" encoding="UTF-8"?>
<!DOCTYPE html PUBLIC "-//W3C//DTD XHTML 1.0 Transitional//EN"
    "http://www.w3.org/TR/xhtml1/DTD/xhtml1-transitional.dtd">
<html xmlns="http://www.w3.org/1999/xhtml" xml:lang="en" lang="en">
 <head>
  <title>
</title>
<meta http-equiv="Content-Type" content="text/html;charset=utf-8" />
  <meta name='ocr-system' content='tesseract 3.04.00' />
  <meta name='ocr-capabilities' content='ocr_page ocr_carea ocr_par ocr_line ocrx_word'/>
</head>
<body>
  <div class='ocr_page' id='page_1' title='image "./4738078_0041.png"; bbox 0 0 1766 2820; ppageno 0'>
   <div class='ocr_carea' id='block_1_1' title="bbox 711 65 967 106">
    <p class='ocr_par' dir='ltr' id='par_1_1' title="bbox 711 65 967 106">
     <span class='ocr_line' id='line_1_1' title="bbox 711 65 967 106; baseline 0 -10"><span class='ocrx_word' id='word_1_1' title='bbox 711 65 967 106; x_wconf 75' lang='lat'><strong>-23-</strong></span> 
     </span>
    </p>
   </div>
   <div class='ocr_carea' id='block_1_2' title="bbox 111 165 1534 2008">
    <p class='ocr_par' dir='ltr' id='par_1_2' title="bbox 155 165 1534 749">
     <span class='ocr_line' id='line_1_2' title="bbox 155 165 1534 219; baseline -0.001 -11"><span class='ocrx_word' id='word_1_2' title='bbox 155 170 248 217; x_wconf 69' lang='grc' dir='ltr'><strong>μίαν</strong></span> <span class='ocrx_word' id='word_1_3' title='bbox 274 168 417 218; x_wconf 76' lang='grc' dir='ltr'><em>βουλὴν</em></span> <span class='ocrx_word' id='word_1_4' title='bbox 443 167 637 217; x_wconf 78' lang='grc' dir='ltr'><em>τυχοῦσάν</em></span> <span class='ocrx_word' id='word_1_5' title='bbox 663 183 702 207; x_wconf 67' lang='grc' dir='ltr'><strong>τε</strong></span> <span class='ocrx_word' id='word_1_6' title='bbox 730 169 797 207; x_wconf 70' lang='grc' dir='ltr'><em>καί</em></span> <span class='ocrx_word' id='word_1_7' title='bbox 820 169 888 217; x_wconf 69' lang='grc' dir='ltr'><strong>μὴ,</strong></span> <span class='ocrx_word' id='word_1_8' title='bbox 916 170 1129 219; x_wconf 76' lang='grc' dir='ltr'><strong><em>σφαλεῖσαν</em></strong></span> <span class='ocrx_word' id='word_1_9' title='bbox 1173 165 1195 218; x_wconf 81' lang='grc' dir='ltr'><em>ἢ</em></span> <span class='ocrx_word' id='word_1_10' title='bbox 1224 166 1534 217; x_wconf 66' lang='grc' dir='ltr'><strong>κατορθώσασαν</strong></span> 
     </span>
     <span class='ocr_line' id='line_1_3' title="bbox 157 234 1525 283; baseline 0.001 -12"><span class='ocrx_word' id='word_1_11' title='bbox 157 234 265 278; x_wconf 67' lang='grc' dir='ltr'>ἕξετε.</span> <span class='ocrx_word' id='word_1_12' title='bbox 295 257 345 265; x_wconf 90' lang='lat'><em>-</em></span> <span class='ocrx_word' id='word_1_13' title='bbox 373 236 490 272; x_wconf 85' lang='lat' dir='ltr'><strong>Recte</strong></span> <span class='ocrx_word' id='word_1_14' title='bbox 528 235 673 282; x_wconf 88' lang='lat' dir='ltr'><strong>quidem</strong></span> <span class='ocrx_word' id='word_1_15' title='bbox 699 235 872 272; x_wconf 88' lang='lat' dir='ltr'><strong>Reiskius</strong></span> <span class='ocrx_word' id='word_1_16' title='bbox 915 235 1016 283; x_wconf 86' lang='lat' dir='ltr'><strong>quod</strong></span> <span class='ocrx_word' id='word_1_17' title='bbox 1044 236 1090 272; x_wconf 81' lang='lat' dir='ltr'><strong>ad</strong></span> <span class='ocrx_word' id='word_1_18' title='bbox 1118 246 1288 281; x_wconf 85' lang='lat' dir='ltr'><strong>sensum,</strong></span> <span class='ocrx_word' id='word_1_19' title='bbox 1324 246 1400 273; x_wconf 90' lang='lat' dir='ltr'><strong>non</strong></span> <span class='ocrx_word' id='word_1_20' title='bbox 1436 236 1525 273; x_wconf 82' lang='lat' dir='ltr'><strong>item</strong></span> 
     </span>
     <span class='ocr_line' id='line_1_4' title="bbox 159 300 1530 350; baseline 0 -11"><span class='ocrx_word' id='word_1_21' title='bbox 159 300 258 350; x_wconf 86' lang='lat' dir='ltr'><strong>quod</strong></span> <span class='ocrx_word' id='word_1_22' title='bbox 288 301 333 339; x_wconf 88' lang='lat' dir='ltr'><strong>ad</strong></span> <span class='ocrx_word' id='word_1_23' title='bbox 360 301 473 339; x_wconf 86' lang='lat' dir='ltr'><strong>verba</strong></span> <span class='ocrx_word' id='word_1_24' title='bbox 500 302 695 350; x_wconf 85' lang='lat' dir='ltr'><strong>scriptoris</strong></span> <span class='ocrx_word' id='word_1_25' title='bbox 722 302 854 339; x_wconf 80' lang='lat' dir='ltr'><strong>attinet</strong></span> <span class='ocrx_word' id='word_1_26' title='bbox 880 311 1002 349; x_wconf 81' lang='lat' dir='ltr'><strong>eoque</strong></span> <span class='ocrx_word' id='word_1_27' title='bbox 1029 300 1296 350; x_wconf 76' lang='lat' dir='ltr'><strong>vituperandus</strong></span> <span class='ocrx_word' id='word_1_28' title='bbox 1325 301 1425 349; x_wconf 85' lang='lat' dir='ltr'><strong>quod</strong></span> <span class='ocrx_word' id='word_1_29' title='bbox 1463 311 1530 339; x_wconf 85' lang='lat' dir='ltr'><strong>sua</strong></span> 
     </span>
     <span class='ocr_line' id='line_1_5' title="bbox 161 368 1529 416; baseline 0.001 -12"><span class='ocrx_word' id='word_1_30' title='bbox 161 369 277 416; x_wconf 89' lang='lat' dir='ltr'><strong>ipsius</strong></span> <span class='ocrx_word' id='word_1_31' title='bbox 318 368 433 405; x_wconf 84' lang='lat' dir='ltr'><strong>verba</strong></span> <span class='ocrx_word' id='word_1_32' title='bbox 460 369 498 404; x_wconf 89' lang='lat' dir='ltr'><strong>in</strong></span> <span class='ocrx_word' id='word_1_33' title='bbox 535 371 673 405; x_wconf 86' lang='lat' dir='ltr'><strong>textum</strong></span> <span class='ocrx_word' id='word_1_34' title='bbox 714 378 823 415; x_wconf 82' lang='lat' dir='ltr'><strong>quern</strong></span> <span class='ocrx_word' id='word_1_35' title='bbox 858 371 995 405; x_wconf 77' lang='lat' dir='ltr'><strong>vocant</strong></span> <span class='ocrx_word' id='word_1_36' title='bbox 1022 368 1163 405; x_wconf 87' lang='lat' dir='ltr'><strong>inferre</strong></span> <span class='ocrx_word' id='word_1_37' title='bbox 1191 380 1297 416; x_wconf 87' lang='lat' dir='ltr'><strong>quam</strong></span> <span class='ocrx_word' id='word_1_38' title='bbox 1325 368 1529 406; x_wconf 78' lang='lat' dir='ltr'><strong>emendare</strong></span> 
     </span>
     <span class='ocr_line' id='line_1_6' title="bbox 158 433 1532 483; baseline 0 -12"><span class='ocrx_word' id='word_1_39' title='bbox 158 444 243 472; x_wconf 83' lang='lat' dir='ltr'><strong>eum</strong></span> <span class='ocrx_word' id='word_1_40' title='bbox 268 434 406 472; x_wconf 76' lang='lat' dir='ltr'><strong>maluit.</strong></span> <span class='ocrx_word' id='word_1_41' title='bbox 444 434 619 483; x_wconf 83' lang='lat' dir='ltr'>Idemque</span> <span class='ocrx_word' id='word_1_42' title='bbox 638 437 697 471; x_wconf 89' lang='lat' dir='ltr'><strong>est</strong></span> <span class='ocrx_word' id='word_1_43' title='bbox 723 433 902 470; x_wconf 84' lang='lat' dir='ltr'><strong>iudicium</strong></span> <span class='ocrx_word' id='word_1_44' title='bbox 929 433 1139 472; x_wconf 86' lang='lat' dir='ltr'><strong>faciendum</strong></span> <span class='ocrx_word' id='word_1_45' title='bbox 1166 434 1215 472; x_wconf 89' lang='lat' dir='ltr'><strong>de</strong></span> <span class='ocrx_word' id='word_1_46' title='bbox 1236 435 1465 472; x_wconf 84' lang='lat' dir='ltr'><strong>coniecturis</strong></span> <span class='ocrx_word' id='word_1_47' title='bbox 1493 438 1532 471; x_wconf 89' lang='lat' dir='ltr'><strong>et</strong></span> 
     </span>
     <span class='ocr_line' id='line_1_7' title="bbox 158 500 1527 550; baseline 0 -12"><span class='ocrx_word' id='word_1_48' title='bbox 158 500 298 539; x_wconf 84' lang='lat' dir='ltr'><strong>Dohrei</strong></span> <span class='ocrx_word' id='word_1_49' title='bbox 326 504 364 538; x_wconf 85' lang='lat' dir='ltr'><strong>et</strong></span> <span class='ocrx_word' id='word_1_50' title='bbox 389 500 530 548; x_wconf 82' lang='lat' dir='ltr'><strong>Haasii,</strong></span> <span class='ocrx_word' id='word_1_51' title='bbox 557 511 713 549; x_wconf 86' lang='lat' dir='ltr'><strong>quorum</strong></span> <span class='ocrx_word' id='word_1_52' title='bbox 741 501 841 538; x_wconf 89' lang='lat' dir='ltr'><strong>illius</strong></span> <span class='ocrx_word' id='word_1_53' title='bbox 868 502 1067 550; x_wconf 84' lang='lat' dir='ltr'><strong>ingeniosa</strong></span> <span class='ocrx_word' id='word_1_54' title='bbox 1092 502 1155 539; x_wconf 84' lang='lat' dir='ltr'><strong>illa</strong></span> <span class='ocrx_word' id='word_1_55' title='bbox 1182 500 1329 549; x_wconf 84' lang='lat' dir='ltr'><strong>quidem</strong></span> <span class='ocrx_word' id='word_1_56' title='bbox 1356 500 1424 538; x_wconf 88' lang='lat' dir='ltr'><strong>sed</strong></span> <span class='ocrx_word' id='word_1_57' title='bbox 1453 501 1527 538; x_wconf 84' lang='lat' dir='ltr'><strong>mi-</strong></span> 
     </span>
     <span class='ocr_line' id='line_1_8' title="bbox 155 564 1528 617; baseline -0.001 -13"><span class='ocrx_word' id='word_1_58' title='bbox 155 568 254 604; x_wconf 87' lang='lat' dir='ltr'><strong>nime</strong></span> <span class='ocrx_word' id='word_1_59' title='bbox 294 566 606 615; x_wconf 83' lang='lat' dir='ltr'><strong>probandahaee</strong></span> <span class='ocrx_word' id='word_1_60' title='bbox 634 570 711 604; x_wconf 88' lang='lat' dir='ltr'><strong>est:</strong></span> <span class='ocrx_word' id='word_1_61' title='bbox 751 565 774 615; x_wconf 84' lang='grc' dir='ltr'><em>ἢ</em></span> <span class='ocrx_word' id='word_1_62' title='bbox 800 568 892 614; x_wconf 77' lang='grc' dir='ltr'><em>μιᾶς</em></span> <span class='ocrx_word' id='word_1_63' title='bbox 918 566 985 604; x_wconf 70' lang='grc' dir='ltr'><strong>ἐπί</strong></span> <span class='ocrx_word' id='word_1_64' title='bbox 1010 564 1131 617; x_wconf 76' lang='grc' dir='ltr'><em>ῥοπῆς</em></span> <span class='ocrx_word' id='word_1_65' title='bbox 1159 593 1349 604; x_wconf 89' lang='grc'><strong>......</strong></span> <span class='ocrx_word' id='word_1_66' title='bbox 1377 566 1528 603; x_wconf 75' lang='grc' dir='ltr'><strong><em>ἵσταται</em></strong></span> 
     </span>
     <span class='ocr_line' id='line_1_9' title="bbox 159 628 1531 681; baseline -0.003 -10"><span class='ocrx_word' id='word_1_67' title='bbox 159 637 245 681; x_wconf 90' lang='lat' dir='ltr'><strong>(pro</strong></span> <span class='ocrx_word' id='word_1_68' title='bbox 275 633 419 679; x_wconf 84' lang='grc' dir='ltr'>ἔσται),</span> <span class='ocrx_word' id='word_1_69' title='bbox 462 632 587 670; x_wconf 77' lang='lat' dir='ltr'><strong>Haasii</strong></span> <span class='ocrx_word' id='word_1_70' title='bbox 610 644 702 671; x_wconf 88' lang='lat' dir='ltr'><strong>vero</strong></span> <span class='ocrx_word' id='word_1_71' title='bbox 735 634 920 679; x_wconf 87' lang='lat' dir='ltr'><strong>(lucuhrr.</strong></span> <span class='ocrx_word' id='word_1_72' title='bbox 947 643 982 681; x_wconf 88' lang='lat' dir='ltr'><strong>p.</strong></span> <span class='ocrx_word' id='word_1_73' title='bbox 1012 633 1060 673; x_wconf 89' lang='lat'><strong>91</strong></span> <span class='ocrx_word' id='word_1_74' title='bbox 1088 636 1188 681; x_wconf 82' lang='lat' dir='ltr'><strong>sqq.)</strong></span> <span class='ocrx_word' id='word_1_75' title='bbox 1216 633 1331 670; x_wconf 84' lang='lat' dir='ltr'><strong>haee:</strong></span> <span class='ocrx_word' id='word_1_76' title='bbox 1381 629 1405 680; x_wconf 83' lang='grc' dir='ltr'>ἣ</span> <span class='ocrx_word' id='word_1_77' title='bbox 1431 628 1531 678; x_wconf 73' lang='grc' dir='ltr'><strong>ὑμᾶς</strong></span> 
     </span>
     <span class='ocr_line' id='line_1_10' title="bbox 156 692 860 749; baseline 0.001 -14"><span class='ocrx_word' id='word_1_78' title='bbox 156 698 399 749; x_wconf 66' lang='grc' dir='ltr'><em>περιποιᾶσαι</em></span> <span class='ocrx_word' id='word_1_79' title='bbox 432 697 471 742; x_wconf 81' lang='grc' dir='ltr'><strong>ἐς</strong></span> <span class='ocrx_word' id='word_1_80' title='bbox 495 695 588 745; x_wconf 71' lang='grc' dir='ltr'><strong>μίαν</strong></span> <span class='ocrx_word' id='word_1_81' title='bbox 613 692 760 748; x_wconf 77' lang='grc' dir='ltr'><em>βουλήν</em></span> <span class='ocrx_word' id='word_1_82' title='bbox 787 695 860 737; x_wconf 74' lang='grc' dir='ltr'><strong>κτὲ.</strong></span> 
     </span>
    </p>

    <p class='ocr_par' dir='ltr' id='par_1_3' title="bbox 287 766 1126 815">
     <span class='ocr_line' id='line_1_11' title="bbox 287 766 1126 815; baseline 0.001 -12"><span class='ocrx_word' id='word_1_83' title='bbox 287 766 458 803; x_wconf 89' lang='lat' dir='ltr'><strong>Aliorum</strong></span> <span class='ocrx_word' id='word_1_84' title='bbox 485 776 581 803; x_wconf 85' lang='lat' dir='ltr'><strong>vana</strong></span> <span class='ocrx_word' id='word_1_85' title='bbox 606 766 774 815; x_wconf 85' lang='lat' dir='ltr'><strong>pericula</strong></span> <span class='ocrx_word' id='word_1_86' title='bbox 801 770 929 803; x_wconf 90' lang='lat' dir='ltr'><strong>tacere</strong></span> <span class='ocrx_word' id='word_1_87' title='bbox 953 770 1126 815; x_wconf 82' lang='lat' dir='ltr'><strong>praestat.</strong></span> 
     </span>
    </p>

    <p class='ocr_par' dir='ltr' id='par_1_4' title="bbox 150 831 1528 1213">
     <span class='ocr_line' id='line_1_12' title="bbox 288 831 1528 880; baseline 0 -12"><span class='ocrx_word' id='word_1_88' title='bbox 288 832 496 880; x_wconf 88' lang='lat' dir='ltr'><strong>Proponam</strong></span> <span class='ocrx_word' id='word_1_89' title='bbox 532 842 630 868; x_wconf 87' lang='lat' dir='ltr'><strong>nune</strong></span> <span class='ocrx_word' id='word_1_90' title='bbox 668 832 757 879; x_wconf 88' lang='lat' dir='ltr'><strong>quid</strong></span> <span class='ocrx_word' id='word_1_91' title='bbox 793 833 873 879; x_wconf 88' lang='lat' dir='ltr'><strong>ipse</strong></span> <span class='ocrx_word' id='word_1_92' title='bbox 919 832 965 869; x_wconf 90' lang='lat' dir='ltr'><strong>de</strong></span> <span class='ocrx_word' id='word_1_93' title='bbox 1000 831 1218 869; x_wconf 85' lang='lat' dir='ltr'><strong>illustranda</strong></span> <span class='ocrx_word' id='word_1_94' title='bbox 1261 832 1528 869; x_wconf 85' lang='lat' dir='ltr'><strong>obscurissima</strong></span> 
     </span>
     <span class='ocr_line' id='line_1_13' title="bbox 152 895 1524 947; baseline -0.001 -12"><span class='ocrx_word' id='word_1_95' title='bbox 152 898 337 935; x_wconf 88' lang='lat' dir='ltr'><strong>sententia</strong></span> <span class='ocrx_word' id='word_1_96' title='bbox 367 897 454 934; x_wconf 91' lang='lat' dir='ltr'><strong>mihi</strong></span> <span class='ocrx_word' id='word_1_97' title='bbox 480 899 739 947; x_wconf 84' lang='lat' dir='ltr'><strong>persuaserim.</strong></span> <span class='ocrx_word' id='word_1_98' title='bbox 793 898 940 935; x_wconf 85' lang='lat' dir='ltr'><strong>Literae</strong></span> <span class='ocrx_word' id='word_1_99' title='bbox 977 898 1089 947; x_wconf 87' lang='lat' dir='ltr'><strong>igitur</strong></span> <span class='ocrx_word' id='word_1_100' title='bbox 1128 897 1167 941; x_wconf 79' lang='grc' dir='ltr'><strong>ἐς</strong></span> <span class='ocrx_word' id='word_1_101' title='bbox 1195 902 1281 935; x_wconf 88' lang='lat' dir='ltr'><strong>ante</strong></span> <span class='ocrx_word' id='word_1_102' title='bbox 1314 895 1406 944; x_wconf 70' lang='grc' dir='ltr'><strong>μίαν</strong></span> <span class='ocrx_word' id='word_1_103' title='bbox 1430 899 1524 945; x_wconf 89' lang='grc' dir='ltr'><em>βου-</em></span> 
     </span>
     <span class='ocr_line' id='line_1_14' title="bbox 152 960 1525 1013; baseline -0.001 -13"><span class='ocrx_word' id='word_1_104' title='bbox 152 960 220 1012; x_wconf 81' lang='grc' dir='ltr'><strong>λήν</strong></span> <span class='ocrx_word' id='word_1_105' title='bbox 255 964 346 1002; x_wconf 89' lang='lat' dir='ltr'><strong>illud</strong></span> <span class='ocrx_word' id='word_1_106' title='bbox 390 964 553 1002; x_wconf 83' lang='lat' dir='ltr'><strong>fortasse</strong></span> <span class='ocrx_word' id='word_1_107' title='bbox 592 966 870 1013; x_wconf 87' lang='lat' dir='ltr'><strong>superscriptae</strong></span> <span class='ocrx_word' id='word_1_108' title='bbox 905 966 1105 1013; x_wconf 90' lang='lat' dir='ltr'><strong>irrepsisse</strong></span> <span class='ocrx_word' id='word_1_109' title='bbox 1147 964 1335 1013; x_wconf 84' lang='lat' dir='ltr'><strong>putandae</strong></span> <span class='ocrx_word' id='word_1_110' title='bbox 1362 967 1451 1001; x_wconf 85' lang='lat' dir='ltr'><strong>sunt</strong></span> <span class='ocrx_word' id='word_1_111' title='bbox 1477 974 1525 1000; x_wconf 86' lang='lat' dir='ltr'><strong>ex</strong></span> 
     </span>
     <span class='ocr_line' id='line_1_15' title="bbox 150 1030 1523 1080; baseline 0 -14"><span class='ocrx_word' id='word_1_112' title='bbox 150 1030 330 1068; x_wconf 85' lang='lat' dir='ltr'><strong>inferiore</strong></span> <span class='ocrx_word' id='word_1_113' title='bbox 370 1032 409 1068; x_wconf 89' lang='lat' dir='ltr'><strong>in</strong></span> <span class='ocrx_word' id='word_1_114' title='bbox 453 1032 686 1080; x_wconf 89' lang='lat' dir='ltr'><strong>superiorem</strong></span> <span class='ocrx_word' id='word_1_115' title='bbox 723 1031 859 1068; x_wconf 83' lang='lat' dir='ltr'><strong>lineam</strong></span> <span class='ocrx_word' id='word_1_116' title='bbox 893 1035 1020 1080; x_wconf 86' lang='lat' dir='ltr'><strong>utpote</strong></span> <span class='ocrx_word' id='word_1_117' title='bbox 1064 1032 1209 1068; x_wconf 85' lang='lat' dir='ltr'><strong>eiectae</strong></span> <span class='ocrx_word' id='word_1_118' title='bbox 1250 1042 1299 1068; x_wconf 86' lang='lat' dir='ltr'><strong>ex</strong></span> <span class='ocrx_word' id='word_1_119' title='bbox 1326 1040 1395 1067; x_wconf 88' lang='lat' dir='ltr'><strong>suo</strong></span> <span class='ocrx_word' id='word_1_120' title='bbox 1423 1030 1523 1075; x_wconf 82' lang='lat' dir='ltr'><strong>loco,</strong></span> 
     </span>
     <span class='ocr_line' id='line_1_16' title="bbox 156 1097 1527 1146; baseline -0.001 -12"><span class='ocrx_word' id='word_1_121' title='bbox 156 1098 217 1144; x_wconf 89' lang='lat' dir='ltr'><strong>qui</strong></span> <span class='ocrx_word' id='word_1_122' title='bbox 245 1101 328 1134; x_wconf 85' lang='lat' dir='ltr'><strong>erat</strong></span> <span class='ocrx_word' id='word_1_123' title='bbox 353 1099 391 1134; x_wconf 90' lang='lat' dir='ltr'><strong>in</strong></span> <span class='ocrx_word' id='word_1_124' title='bbox 420 1098 542 1135; x_wconf 90' lang='lat' dir='ltr'><strong>medio</strong></span> <span class='ocrx_word' id='word_1_125' title='bbox 562 1099 679 1135; x_wconf 86' lang='lat' dir='ltr'><strong>verbo</strong></span> <span class='ocrx_word' id='word_1_126' title='bbox 708 1097 828 1144; x_wconf 81' lang='grc' dir='ltr'>ἔσται,</span> <span class='ocrx_word' id='word_1_127' title='bbox 857 1109 929 1146; x_wconf 90' lang='lat' dir='ltr'><strong>quo</strong></span> <span class='ocrx_word' id='word_1_128' title='bbox 957 1098 1095 1135; x_wconf 85' lang='lat' dir='ltr'><strong>factum</strong></span> <span class='ocrx_word' id='word_1_129' title='bbox 1115 1102 1183 1144; x_wconf 89' lang='lat' dir='ltr'><strong>est,</strong></span> <span class='ocrx_word' id='word_1_130' title='bbox 1210 1101 1250 1135; x_wconf 86' lang='lat' dir='ltr'><strong>ut</strong></span> <span class='ocrx_word' id='word_1_131' title='bbox 1273 1098 1347 1135; x_wconf 90' lang='lat' dir='ltr'><strong>hoc</strong></span> <span class='ocrx_word' id='word_1_132' title='bbox 1373 1097 1527 1134; x_wconf 87' lang='lat' dir='ltr'><strong>verbum</strong></span> 
     </span>
     <span class='ocr_line' id='line_1_17' title="bbox 150 1160 684 1213; baseline -0.002 -13"><span class='ocrx_word' id='word_1_133' title='bbox 150 1175 198 1200; x_wconf 86' lang='lat' dir='ltr'><strong>ex</strong></span> <span class='ocrx_word' id='word_1_134' title='bbox 226 1160 384 1199; x_wconf 72' lang='grc' dir='ltr'><strong><em>ἔσεσθαι</em></strong></span> <span class='ocrx_word' id='word_1_135' title='bbox 420 1165 684 1213; x_wconf 87' lang='lat' dir='ltr'><strong>corriperetur.</strong></span> 
     </span>
    </p>

    <p class='ocr_par' dir='ltr' id='par_1_5' title="bbox 111 1230 1526 1345">
     <span class='ocr_line' id='line_1_18' title="bbox 287 1230 1526 1277; baseline 0.001 -12"><span class='ocrx_word' id='word_1_136' title='bbox 287 1230 396 1273; x_wconf 85' lang='lat' dir='ltr'><strong>Quod</strong></span> <span class='ocrx_word' id='word_1_137' title='bbox 424 1231 575 1277; x_wconf 91' lang='lat' dir='ltr'><strong>quidem</strong></span> <span class='ocrx_word' id='word_1_138' title='bbox 609 1231 641 1267; x_wconf 89' lang='lat' dir='ltr'><strong>si</strong></span> <span class='ocrx_word' id='word_1_139' title='bbox 675 1234 779 1267; x_wconf 86' lang='lat' dir='ltr'><strong>recte</strong></span> <span class='ocrx_word' id='word_1_140' title='bbox 811 1231 984 1277; x_wconf 89' lang='lat' dir='ltr'><strong>conieci,</strong></span> <span class='ocrx_word' id='word_1_141' title='bbox 1028 1232 1169 1268; x_wconf 87' lang='lat' dir='ltr'><strong>corruit</strong></span> <span class='ocrx_word' id='word_1_142' title='bbox 1197 1232 1321 1268; x_wconf 85' lang='lat' dir='ltr'><strong>statim</strong></span> <span class='ocrx_word' id='word_1_143' title='bbox 1350 1231 1430 1266; x_wconf 88' lang='lat' dir='ltr'><strong>eius</strong></span> <span class='ocrx_word' id='word_1_144' title='bbox 1456 1240 1526 1276; x_wconf 86' lang='lat' dir='ltr'><strong>pe-</strong></span> 
     </span>
     <span class='ocr_line' id='line_1_19' title="bbox 111 1290 1265 1345; baseline 0 -13"><span class='ocrx_word' id='word_1_145' title='bbox 111 1322 115 1325; x_wconf 82' lang='lat'>·</span> <span class='ocrx_word' id='word_1_146' title='bbox 149 1294 305 1343; x_wconf 86' lang='lat' dir='ltr'><strong>disequa</strong></span> <span class='ocrx_word' id='word_1_147' title='bbox 336 1295 552 1343; x_wconf 84' lang='lat' dir='ltr'><strong>depravatio</strong></span> <span class='ocrx_word' id='word_1_148' title='bbox 582 1291 627 1342; x_wconf 81' lang='grc' dir='ltr'><strong>ἢν</strong></span> <span class='ocrx_word' id='word_1_149' title='bbox 650 1294 743 1342; x_wconf 81' lang='grc' dir='ltr'><strong><em>μιᾶς</em></strong></span> <span class='ocrx_word' id='word_1_150' title='bbox 766 1295 859 1345; x_wconf 38' lang='grc' dir='ltr'><em>πέρι,</em></span> <span class='ocrx_word' id='word_1_151' title='bbox 881 1306 949 1344; x_wconf 89' lang='lat' dir='ltr'><strong>pro</strong></span> <span class='ocrx_word' id='word_1_152' title='bbox 977 1290 1022 1345; x_wconf 84' lang='grc' dir='ltr'><strong>ἧς</strong></span> <span class='ocrx_word' id='word_1_153' title='bbox 1047 1295 1137 1341; x_wconf 82' lang='grc' dir='ltr'><em>μιᾶς</em></span> <span class='ocrx_word' id='word_1_154' title='bbox 1168 1294 1265 1342; x_wconf 79' lang='grc' dir='ltr'><em>πέρι.</em></span> 
     </span>
    </p>

    <p class='ocr_par' dir='ltr' id='par_1_6' title="bbox 286 1361 1002 1411">
     <span class='ocr_line' id='line_1_20' title="bbox 286 1361 1002 1411; baseline 0 -12"><span class='ocrx_word' id='word_1_155' title='bbox 286 1363 410 1407; x_wconf 88' lang='lat' dir='ltr'><strong>Quare</strong></span> <span class='ocrx_word' id='word_1_156' title='bbox 436 1362 491 1398; x_wconf 84' lang='lat' dir='ltr'><strong>sic</strong></span> <span class='ocrx_word' id='word_1_157' title='bbox 519 1361 719 1411; x_wconf 84' lang='lat' dir='ltr'><strong>legendum</strong></span> <span class='ocrx_word' id='word_1_158' title='bbox 747 1373 833 1399; x_wconf 90' lang='lat' dir='ltr'><strong>esse</strong></span> <span class='ocrx_word' id='word_1_159' title='bbox 860 1365 1002 1400; x_wconf 83' lang='lat' dir='ltr'><strong>statuo:</strong></span> 
     </span>
    </p>

    <p class='ocr_par' dir='ltr' id='par_1_7' title="bbox 147 1421 1526 1543">
     <span class='ocr_line' id='line_1_21' title="bbox 283 1421 1526 1477; baseline 0 -14"><span class='ocrx_word' id='word_1_160' title='bbox 283 1450 333 1456; x_wconf 77' lang='lat'><strong>--</strong></span> <span class='ocrx_word' id='word_1_161' title='bbox 361 1421 407 1475; x_wconf 77' lang='grc' dir='ltr'><strong>ἧς</strong></span> <span class='ocrx_word' id='word_1_162' title='bbox 432 1428 525 1475; x_wconf 80' lang='grc' dir='ltr'><strong><em>μιᾶς</em></strong></span> <span class='ocrx_word' id='word_1_163' title='bbox 565 1428 654 1477; x_wconf 79' lang='grc' dir='ltr'><strong><em>πέρι</em></strong></span> <span class='ocrx_word' id='word_1_164' title='bbox 691 1427 757 1465; x_wconf 76' lang='grc' dir='ltr'><em>καί</em></span> <span class='ocrx_word' id='word_1_165' title='bbox 795 1428 889 1476; x_wconf 74' lang='grc' dir='ltr'><strong>μίαν</strong></span> <span class='ocrx_word' id='word_1_166' title='bbox 915 1426 1059 1477; x_wconf 82' lang='grc' dir='ltr'><em>βουλὴν</em></span> <span class='ocrx_word' id='word_1_167' title='bbox 1098 1427 1290 1476; x_wconf 67' lang='grc' dir='ltr'>τυχοῦσάν</span> <span class='ocrx_word' id='word_1_168' title='bbox 1316 1441 1354 1464; x_wconf 73' lang='grc' dir='ltr'><strong>τε</strong></span> <span class='ocrx_word' id='word_1_169' title='bbox 1383 1427 1449 1464; x_wconf 79' lang='grc' dir='ltr'>καί</span> <span class='ocrx_word' id='word_1_170' title='bbox 1472 1427 1526 1477; x_wconf 85' lang='grc' dir='ltr'><strong>μὴ</strong></span> 
     </span>
     <span class='ocr_line' id='line_1_22' title="bbox 147 1488 647 1543; baseline 0 -12"><span class='ocrx_word' id='word_1_171' title='bbox 147 1488 453 1543; x_wconf 70' lang='grc' dir='ltr'><em>κατορθώσασαν</em></span> <span class='ocrx_word' id='word_1_172' title='bbox 480 1495 647 1533; x_wconf 67' lang='grc' dir='ltr'><strong>ἔσεσθαι.</strong></span> 
     </span>
    </p>

    <p class='ocr_par' dir='ltr' id='par_1_8' title="bbox 147 1560 1524 1666">
     <span class='ocr_line' id='line_1_23' title="bbox 288 1560 1524 1610; baseline 0.002 -12"><span class='ocrx_word' id='word_1_173' title='bbox 288 1560 357 1610; x_wconf 85' lang='lat' dir='ltr'><strong>„de</strong></span> <span class='ocrx_word' id='word_1_174' title='bbox 392 1572 465 1610; x_wconf 82' lang='lat' dir='ltr'><strong>qua</strong></span> <span class='ocrx_word' id='word_1_175' title='bbox 502 1571 576 1599; x_wconf 81' lang='lat' dir='ltr'><strong>una</strong></span> <span class='ocrx_word' id='word_1_176' title='bbox 614 1563 768 1610; x_wconf 77' lang='lat' dir='ltr'><strong>[patria]</strong></span> <span class='ocrx_word' id='word_1_177' title='bbox 811 1563 921 1599; x_wconf 74' lang='lat' dir='ltr'><strong>etiam</strong></span> <span class='ocrx_word' id='word_1_178' title='bbox 956 1573 1065 1599; x_wconf 76' lang='lat' dir='ltr'><strong>unam</strong></span> <span class='ocrx_word' id='word_1_179' title='bbox 1102 1562 1417 1599; x_wconf 82' lang='lat' dir='ltr'><strong>consultationem</strong></span> <span class='ocrx_word' id='word_1_180' title='bbox 1442 1564 1524 1600; x_wconf 78' lang='lat' dir='ltr'><strong>sive</strong></span> 
     </span>
     <span class='ocr_line' id='line_1_24' title="bbox 147 1627 965 1683; baseline 0 -17"><span class='ocrx_word' id='word_1_181' title='bbox 147 1629 292 1666; x_wconf 78' lang='lat' dir='ltr'><strong>felioem</strong></span> <span class='ocrx_word' id='word_1_182' title='bbox 320 1630 403 1666; x_wconf 88' lang='lat' dir='ltr'><strong>sive</strong></span> <span class='ocrx_word' id='word_1_183' title='bbox 441 1629 629 1666; x_wconf 82' lang='lat' dir='ltr'><strong>infelicem</strong></span> <span class='ocrx_word' id='word_1_184' title='bbox 656 1629 817 1683; x_wconf 77' lang='lat' dir='ltr'><strong>suturam</strong></span> <span class='ocrx_word' id='word_1_185' title='bbox 844 1627 965 1666; x_wconf 82' lang='lat' dir='ltr'><strong>esse.“</strong></span> 
     </span>
    </p>

    <p class='ocr_par' dir='ltr' id='par_1_9' title="bbox 145 1690 1521 1874">
     <span class='ocr_line' id='line_1_25' title="bbox 279 1690 1521 1747; baseline 0 -15"><span class='ocrx_word' id='word_1_186' title='bbox 279 1694 341 1742; x_wconf 86' lang='grc' dir='ltr'>ΙΙΙ,</span> <span class='ocrx_word' id='word_1_187' title='bbox 369 1693 433 1741; x_wconf 77' lang='grc'><strong>42,</strong></span> <span class='ocrx_word' id='word_1_188' title='bbox 458 1696 495 1734; x_wconf 87' lang='grc'><strong>5.</strong></span> <span class='ocrx_word' id='word_1_189' title='bbox 521 1692 622 1731; x_wconf 80' lang='grc' dir='ltr'><em>ου’τω</em></span> <span class='ocrx_word' id='word_1_190' title='bbox 649 1696 722 1742; x_wconf 77' lang='grc' dir='ltr'><strong>γὰρ</strong></span> <span class='ocrx_word' id='word_1_191' title='bbox 751 1690 811 1730; x_wconf 76' lang='grc' dir='ltr'><strong>ὅτε</strong></span> <span class='ocrx_word' id='word_1_192' title='bbox 849 1695 1101 1742; x_wconf 74' lang='grc' dir='ltr'><strong>κατορθῶν</strong></span> <span class='ocrx_word' id='word_1_193' title='bbox 1145 1691 1279 1741; x_wconf 80' lang='grc' dir='ltr'><em>ἣκιστα</em></span> <span class='ocrx_word' id='word_1_194' title='bbox 1305 1690 1351 1730; x_wconf 73' lang='grc' dir='ltr'><strong>ἂν</strong></span> <span class='ocrx_word' id='word_1_195' title='bbox 1377 1694 1443 1731; x_wconf 79' lang='grc' dir='ltr'><strong>ἐπι</strong></span> <span class='ocrx_word' id='word_1_196' title='bbox 1468 1696 1521 1747; x_wconf 71' lang='grc' dir='ltr'><strong>τῷ</strong></span> 
     </span>
     <span class='ocr_line' id='line_1_26' title="bbox 147 1755 1522 1810; baseline -0.001 -13"><span class='ocrx_word' id='word_1_197' title='bbox 147 1757 203 1798; x_wconf 81' lang='grc' dir='ltr'><strong>ἔτι</strong></span> <span class='ocrx_word' id='word_1_198' title='bbox 220 1759 406 1809; x_wconf 74' lang='grc' dir='ltr'>μειζόνων</span> <span class='ocrx_word' id='word_1_199' title='bbox 423 1757 628 1805; x_wconf 72' lang='grc' dir='ltr'>ἀξιοῦσθαι</span> <span class='ocrx_word' id='word_1_200' title='bbox 646 1757 749 1809; x_wconf 79' lang='grc' dir='ltr'><strong><em>παρὰ</em></strong></span> <span class='ocrx_word' id='word_1_201' title='bbox 765 1758 918 1810; x_wconf 76' lang='grc' dir='ltr'>γνώμην</span> <span class='ocrx_word' id='word_1_202' title='bbox 941 1775 974 1797; x_wconf 72' lang='grc' dir='ltr'><strong>τι</strong></span> <span class='ocrx_word' id='word_1_203' title='bbox 1002 1774 1064 1797; x_wconf 82' lang='grc' dir='ltr'><strong>και</strong></span> <span class='ocrx_word' id='word_1_204' title='bbox 1092 1756 1188 1807; x_wconf 61' lang='lat' dir='ltr'><strong>node</strong></span> <span class='ocrx_word' id='word_1_205' title='bbox 1211 1757 1326 1806; x_wconf 72' lang='grc' dir='ltr'><em>χάριν</em></span> <span class='ocrx_word' id='word_1_206' title='bbox 1354 1758 1516 1808; x_wconf 80' lang='grc' dir='ltr'><strong>λέγοι,ο</strong></span> <span class='ocrx_word' id='word_1_207' title='bbox 1504 1755 1522 1771; x_wconf 85' lang='lat'><strong>‘¹</strong></span> 
     </span>
     <span class='ocr_line' id='line_1_27' title="bbox 145 1824 1517 1874; baseline 0 -12"><span class='ocrx_word' id='word_1_208' title='bbox 145 1840 184 1864; x_wconf 78' lang='grc' dir='ltr'><strong>τε</strong></span> <span class='ocrx_word' id='word_1_209' title='bbox 209 1826 264 1874; x_wconf 77' lang='grc' dir='ltr'><strong>μὴ</strong></span> <span class='ocrx_word' id='word_1_210' title='bbox 292 1825 537 1873; x_wconf 80' lang='grc' dir='ltr'><em>ἑπιτυχῶν</em></span> <span class='ocrx_word' id='word_1_211' title='bbox 564 1824 734 1874; x_wconf 79' lang='grc' dir='ltr'><em>ὀρέγοιτο</em></span> <span class='ocrx_word' id='word_1_212' title='bbox 763 1840 837 1862; x_wconf 84' lang='grc' dir='ltr'><em>κτε.</em></span> <span class='ocrx_word' id='word_1_213' title='bbox 867 1827 912 1864; x_wconf 83' lang='lat' dir='ltr'><strong>cf.</strong></span> <span class='ocrx_word' id='word_1_214' title='bbox 942 1828 1003 1873; x_wconf 91' lang='lat' dir='ltr'><strong>IV,</strong></span> <span class='ocrx_word' id='word_1_215' title='bbox 1019 1827 1134 1873; x_wconf 85' lang='grc'>63,3.</span> <span class='ocrx_word' id='word_1_216' title='bbox 1165 1828 1227 1873; x_wconf 88' lang='grc' dir='ltr'>ΙΙΙ,</span> <span class='ocrx_word' id='word_1_217' title='bbox 1244 1827 1309 1873; x_wconf 84' lang='grc'><strong>39,</strong></span> <span class='ocrx_word' id='word_1_218' title='bbox 1324 1827 1359 1866; x_wconf 82' lang='grc'><strong>6.</strong></span> <span class='ocrx_word' id='word_1_219' title='bbox 1388 1827 1434 1872; x_wconf 91' lang='lat' dir='ltr'><strong>II,</strong></span> <span class='ocrx_word' id='word_1_220' title='bbox 1451 1826 1517 1866; x_wconf 86' lang='grc'><strong>65.</strong></span> 
     </span>
    </p>

    <p class='ocr_par' dir='ltr' id='par_1_10' title="bbox 144 1893 1520 2008">
     <span class='ocr_line' id='line_1_28' title="bbox 277 1893 1518 1942; baseline -0.002 -10"><span class='ocrx_word' id='word_1_221' title='bbox 277 1894 340 1933; x_wconf 92' lang='lat' dir='ltr'><strong>Sin</strong></span> <span class='ocrx_word' id='word_1_222' title='bbox 369 1894 467 1931; x_wconf 82' lang='lat' dir='ltr'><strong>forte</strong></span> <span class='ocrx_word' id='word_1_223' title='bbox 495 1895 533 1931; x_wconf 88' lang='lat' dir='ltr'><strong>in</strong></span> <span class='ocrx_word' id='word_1_224' title='bbox 560 1908 599 1931; x_wconf 87' lang='grc' dir='ltr'><strong>τε</strong></span> <span class='ocrx_word' id='word_1_225' title='bbox 617 1918 640 1925; x_wconf 91' lang='grc'>-</span> <span class='ocrx_word' id='word_1_226' title='bbox 667 1893 732 1931; x_wconf 82' lang='grc' dir='ltr'><em>καί</em></span> <span class='ocrx_word' id='word_1_227' title='bbox 755 1897 849 1942; x_wconf 84' lang='lat' dir='ltr'><strong>part.</strong></span> <span class='ocrx_word' id='word_1_228' title='bbox 879 1893 1096 1941; x_wconf 83' lang='lat' dir='ltr'><strong>offenderis,</strong></span> <span class='ocrx_word' id='word_1_229' title='bbox 1126 1894 1301 1931; x_wconf 88' lang='lat' dir='ltr'><strong>conferas</strong></span> <span class='ocrx_word' id='word_1_230' title='bbox 1331 1893 1376 1940; x_wconf 89' lang='grc' dir='ltr'><strong>ΙΙ,</strong></span> <span class='ocrx_word' id='word_1_231' title='bbox 1392 1893 1518 1940; x_wconf 89' lang='grc'>35,1.</span> 
     </span>
     <span class='ocr_line' id='line_1_29' title="bbox 144 1953 1520 2008; baseline 0 -14"><span class='ocrx_word' id='word_1_232' title='bbox 144 1961 199 2006; x_wconf 75' lang='grc' dir='ltr'><strong>μὴ</strong></span> <span class='ocrx_word' id='word_1_233' title='bbox 228 1959 267 1995; x_wconf 79' lang='grc' dir='ltr'><strong>ἐν</strong></span> <span class='ocrx_word' id='word_1_234' title='bbox 309 1956 366 1996; x_wconf 68' lang='grc' dir='ltr'><strong>ἔνι’</strong></span> <span class='ocrx_word' id='word_1_235' title='bbox 391 1957 503 2006; x_wconf 71' lang='grc' dir='ltr'><em>ἀνδρί</em></span> <span class='ocrx_word' id='word_1_236' title='bbox 523 1960 676 1996; x_wconf 77' lang='grc' dir='ltr'><em>πολλῶν</em></span> <span class='ocrx_word' id='word_1_237' title='bbox 704 1954 839 2008; x_wconf 70' lang='grc' dir='ltr'><em>ἀρετὰς</em></span> <span class='ocrx_word' id='word_1_238' title='bbox 868 1953 1138 2002; x_wconf 72' lang='grc' dir='ltr'><em>κινδινεῦεςθαι</em></span> <span class='ocrx_word' id='word_1_239' title='bbox 1166 1954 1215 1996; x_wconf 76' lang='grc' dir='ltr'><strong>εὖ</strong></span> <span class='ocrx_word' id='word_1_240' title='bbox 1242 1975 1289 1996; x_wconf 71' lang='grc' dir='ltr'><strong>τε</strong></span> <span class='ocrx_word' id='word_1_241' title='bbox 1318 1959 1402 1996; x_wconf 78' lang='grc' dir='ltr'><em>καί</em></span> <span class='ocrx_word' id='word_1_242' title='bbox 1423 1962 1520 2006; x_wconf 68' lang='grc' dir='ltr'><strong>χεῖ.</strong></span> 
     </span>
    </p>
   </div>
   <div class='ocr_carea' id='block_1_3' title="bbox 148 2023 746 2073">
    <p class='ocr_par' dir='ltr' id='par_1_11' title="bbox 148 2023 746 2073">
     <span class='ocr_line' id='line_1_30' title="bbox 148 2023 746 2073; baseline 0 -12"><span class='ocrx_word' id='word_1_243' title='bbox 148 2040 169 2073; x_wconf 78' lang='grc' dir='ltr'><em>ρ</em></span> <span class='ocrx_word' id='word_1_244' title='bbox 183 2039 202 2061; x_wconf 93' lang='grc' dir='ltr'><em>ο</em></span> <span class='ocrx_word' id='word_1_245' title='bbox 218 2039 238 2062; x_wconf 83' lang='grc' dir='ltr'><em>ν</em></span> <span class='ocrx_word' id='word_1_246' title='bbox 265 2039 280 2061; x_wconf 68' lang='grc' dir='ltr'>ε</span> <span class='ocrx_word' id='word_1_247' title='bbox 291 2023 370 2062; x_wconf 84' lang='grc' dir='ltr'><strong>ἷπό</strong></span> <span class='ocrx_word' id='word_1_248' title='bbox 385 2039 404 2061; x_wconf 78' lang='grc' dir='ltr'><strong>ι’</strong></span> <span class='ocrx_word' id='word_1_249' title='bbox 416 2039 437 2061; x_wconf 82' lang='grc' dir='ltr'><em>τ</em></span> <span class='ocrx_word' id='word_1_250' title='bbox 449 2038 462 2060; x_wconf 92' lang='grc' dir='ltr'>ι</span> <span class='ocrx_word' id='word_1_251' title='bbox 489 2026 746 2073; x_wconf 70' lang='grc' dir='ltr'>πιστευθῆναι.</span> 
     </span>
    </p>
   </div>
   <div class='ocr_carea' id='block_1_4' title="bbox 270 2360 1517 2409">
    <p class='ocr_par' dir='ltr' id='par_1_12' title="bbox 270 2360 1517 2409">
     <span class='ocr_line' id='line_1_31' title="bbox 270 2360 1517 2409; baseline 0.002 -12"><span class='ocrx_word' id='word_1_252' title='bbox 270 2360 375 2398; x_wconf 81' lang='lat' dir='ltr'><strong>Hane</strong></span> <span class='ocrx_word' id='word_1_253' title='bbox 392 2371 508 2398; x_wconf 71' lang='lat' dir='ltr'><strong>meam</strong></span> <span class='ocrx_word' id='word_1_254' title='bbox 528 2361 687 2409; x_wconf 83' lang='lat' dir='ltr'><strong>turpiter</strong></span> <span class='ocrx_word' id='word_1_255' title='bbox 705 2360 891 2399; x_wconf 70' lang='lat' dir='ltr'><strong>mutilatae</strong></span> <span class='ocrx_word' id='word_1_256' title='bbox 919 2361 1190 2399; x_wconf 77' lang='lat' dir='ltr'><strong>enuntiationis</strong></span> <span class='ocrx_word' id='word_1_257' title='bbox 1218 2360 1517 2399; x_wconf 83' lang='lat' dir='ltr'><strong>emendationem</strong></span> 
     </span>
    </p>
   </div>
  </div>
 </body>
</html>
