1766 2820
686 110 941 149 .-13’-

136 211 268 262 cydide
313 212 465 263 indigna
500 222 584 249 esse
621 213 817 249 arbitratus
859 212 932 248 leni
959 213 1160 249 mutatione
1188 212 1370 249 laboranti
1395 224 1489 250 sen-

135 280 272 316 tentiae
298 279 499 316 subvenire
526 278 662 315 studui.
716 279 839 322 Quare
863 288 932 326 pro
961 275 1012 320 ὡς
1030 273 1097 313 οὐκ
1112 278 1283 322 ἐδέξαντο
1304 281 1489 327 corruptis

136 344 291 382 vocibus
318 343 586 382 restituendum
610 353 695 380 esse
722 342 812 379 duxi
840 340 904 378 καί
929 341 979 385 ὥς
1007 340 1075 379 οὐκ
1101 343 1285 390 ἐδέξαντο,
1313 345 1393 381 sive
1420 345 1489 381 ab-

134 413 259 457 sorpta
287 413 343 446 est
370 410 414 446 ab
442 409 687 446 antecedente
724 409 866 456 syllaba
902 406 971 444 καί
1000 409 1178 456 particula
1215 410 1296 446 sive
1335 411 1405 448 alia
1442 410 1488 448 de

138 484 251 511 causa
278 474 322 510 ab
351 474 530 521 imperitis
557 473 719 509 librariis
749 474 897 509 omissa.
1070 514 1073 518 ,

262 538 501 575 Enuntiatum
527 538 591 574 tali
608 538 719 574 modo
747 541 915 574 sanatum
942 538 992 573 ita
1011 539 1258 585 interpretor:
1288 560 1360 585 „—
1388 522 1486 587 quo-

134 605 232 642 niam
265 609 302 641 et
328 605 471 641 relicuo
499 608 667 652 tempore
690 600 757 640 eos
784 607 1023 651 rogaverant,
1050 607 1091 639 ut
1118 614 1165 640 ex
1198 606 1319 641 veteri
1347 606 1489 643 Pausa-

134 672 220 709 niae
245 674 331 720 post
356 670 494 707 bellum
521 669 703 711 Medicum
727 669 881 707 foedere
909 669 1157 717 quiescerent,
1186 673 1222 706 et
1250 680 1332 706 cum
1359 675 1487 718 postea

137 737 388 784 conditiones,
416 746 507 783 quas
544 739 740 782 antequam
776 736 1165 781 circumvallerentur‚
1199 740 1239 773 ut
1273 738 1415 773 scilicet
1443 750 1490 774 ex

137 803 201 840 illo
229 801 384 839 foedere
411 810 624 837 communes
653 803 798 846 essent,
827 801 882 837 eis
911 800 1143 846 obtulerant,
1183 814 1231 838 ne
1257 803 1314 839 sic
1342 802 1491 850 quidem

134 867 377 916 acceperant“
404 888 453 894 —
480 868 553 903 rati
580 865 898 911 (Lacedaemonii)
928 877 960 902 e.
990 877 1023 913 q.
1043 877 1072 904 s.

261 933 317 969 De
344 935 534 969 structura
561 930 626 968 καί
651 930 703 973 ω’ς
740 928 865 978 utpote
892 931 1095 980 Thucydidi
1132 933 1368 969 usitatissima
1401 934 1486 971 vide

134 1000 163 1045 Ι,
192 998 255 1044 44,
279 1001 313 1036 2.
360 991 526 1042 πόλεμος
554 995 637 1032 καί
662 993 724 1039 (ὃς
751 994 918 1043 ἔσεσθαι,
948 998 1008 1043 ΙΙΙ,
1038 997 1100 1043 33,
1128 999 1160 1034 2.
1186 997 1219 1032 εἰ
1244 997 1324 1032 καί
1351 994 1409 1042 ὥς
1434 998 1488 1045 μὴ

134 1064 342 1100 διενοοῦντο
387 1059 523 1107 μένειν.
574 1062 652 1106 Vll,
681 1062 744 1108 74,
774 1061 807 1097 1.
836 1061 900 1096 καί
931 1059 1056 1108 ἐπειδὴ
1083 1060 1168 1097 καί
1194 1058 1252 1103 ὥς
1281 1059 1349 1097 οὐκ
1377 1060 1489 1105 εὐθὺς

135 1125 328 1177 ὥρμησαν.
371 1129 416 1167 cf.
441 1128 534 1175 VIII,
564 1129 626 1174 51,
651 1130 695 1172 2;
722 1127 784 1174 56,
810 1128 858 1174 33
885 1128 947 1172 87,
972 1128 1007 1166 3.

656 1519 743 1574 111,
780 1520 890 1574 104,
924 1519 964 1560 7.

251 1639 430 1692 “Yorepov
474 1642 514 1680 δὲ
540 1642 630 1687 τοὺς
672 1642 743 1690 μὲν
766 1637 910 1692 χορούς
955 1641 990 1678 οἱ
1018 1643 1197 1690 νησιῶται
1223 1643 1288 1679 καί
1314 1641 1349 1679 οἱ
1372 1640 1487 1692 ’Athy-

134 1714 232 1747 ναῖοι
274 1710 360 1756 μεθ’
406 1706 515 1758 ἱερῶν
553 1708 719 1756 ἔπεμπον
731 1731 743 1754 ,-
780 1710 827 1746 τά
864 1707 904 1746 δὲ
943 1708 1029 1757 περὶ
1064 1711 1152 1752 νοῦς
1179 1704 1325 1756 ἀγῶνας
1352 1709 1417 1746 καί
1442 1711 1486 1745 τοὶ

134 1777 291 1811 πλεῖστα
316 1772 502 1824 κατελύθη
528 1771 600 1811 ὖπό
630 1775 848 1824 ξυμφορῶν.

265 1876 424 1914 Offendo
453 1878 491 1913 in
517 1876 803 1924 interpretandis
831 1875 962 1913 καὶτὰ
989 1878 1145 1912 πλεῖστα
1171 1877 1308 1913 verbis.
1359 1877 1488 1924 Neque

135 1944 232 1981 enim
260 1942 452 1979 admittunt
487 1953 566 1978 eam
601 1952 695 1989 quae
728 1942 841 1991 volgo
882 1941 1002 1978 fertur
1030 1951 1197 1989 quaeque
1225 1942 1320 1989 apud
1347 1942 1487 1979 Vallam

135 2014 205 2056 est,
232 2010 464 2046 versionem:
494 2011 552 2055 „et
579 2011 704 2044 cetera
730 2008 940 2056 pleraque“.
995 2009 1220 2055 Quamquam
1246 2008 1340 2045 haec
1366 2009 1489 2045 inter-

133 2076 293 2126 pretatio
320 2074 401 2113 sola
426 2084 552 2112 veram
578 2074 774 2123 scriptoris
800 2078 959 2112 mentem
987 2075 1157 2125 attigisse
1184 2075 1342 2112 videtur.
1388 2074 1487 2111 Ante

134 2135 266 2180 oculos'
311 2146 392 2178 erat
435 2140 535 2177 haud
570 2141 680 2177 dubie
708 2140 833 2177 Vallae
873 2142 1130 2188 interpretanti
1158 2142 1362 2189 scriptura:
1408 2139 1490 2176 καί

132 2202 297 2243 τᾶλλα
323 2205 378 2241 τὰ
405 2207 616 2242 πλεῖστα
644 2203 829 2254 κατελύθη
855 2202 927 2242 ὑπὸ
956 2206 1168 2254 ξυμφορῶν.
