1766 2820
786 151 835 157 ..
892 127 939 166 12
992 151 1040 158 -

226 229 348 277 imago
377 226 424 264 de
450 227 671 275 spectaculis
690 233 847 276 sumpta:
878 226 986 271 ἐλπίς
1003 231 1101 268 enim
1120 232 1154 269 h.
1171 232 1194 269 l.
1214 236 1385 281 tanquam
1411 227 1584 282 „nimiost

226 293 287 331 Sic
315 294 378 338 111,
406 293 467 332 67.
495 294 700 340 reperitur:
728 288 819 336 τούς
846 293 992 343 ἀγῶνας
1019 294 1286 344 προθὴσοντες.

362 358 416 394 De
444 360 572 406 φέρειν
599 359 703 396 verbi
728 370 799 397 usu
826 359 911 396 vide
939 360 1044 398 Hom.
1071 362 1109 399 ΙΙ.
1137 362 1200 408 23,
1223 363 1296 403 441
1327 359 1408 401 οὔδ’
1431 360 1479 403 ἂν
1497 361 1584 416 ἄτερ

229 420 346 469 ὅρκου
374 421 488 471 οἴσῃ
515 419 664 463 ἄεθλον.
722 425 781 470 18,
810 425 886 464 308
911 422 934 472 ἦ
963 439 1001 461 κε
1030 425 1170 476 φέρῃσι
1208 428 1306 475 μέγα
1332 429 1468 477 κράτος
1497 426 1518 478 ἦ
1545 446 1584 469 κε

230 486 492 536 φεροίμην.
546 488 649 525 Plato
677 500 755 538 rep.
783 489 827 535 V,
856 489 953 529 468.·
986 490 1032 526 τά
1076 486 1267 539 clyto-cem,
1311 487 1584 542 νικητήρια

229 550 419 599 φέρειν.
473 554 587 602 Legg.
614 555 670 600 ll,
706 554 791 594 657.
832 567 863 594 e.
917 556 1026 603 Soph.
1064 556 1154 594 Oed.
1192 557 1270 595 Col.
1298 569 1333 595 v.
1361 558 1397 596 6.
1432 563 1616 605 μεῑόνμ

229 616 459 664 φέροντα.
498 631 532 656 v.
551 620 638 658 651.
666 617 804 657 οὔκουν
830 618 926 666 πέρα
952 616 1034 667 γ’ἄν
1061 616 1212 668 οὖδὲνῆ
1240 619 1364 673 λόγῳ
1391 623 1582 672 φέροις,

229 681 274 719 al.
303 684 346 723 cf.
374 684 434 722 lat.
464 686 654 734 „pretium‚
682 687 844 735 praemia
870 687 1006 725 ferre.“

764 1128 853 1183 111,
886 1128 969 1183 68,
1007 1129 1044 1170 1.

355 1248 473 1288 Λιότι
515 1248 582 1286 τόν
620 1263 658 1285 τε
698 1243 817 1285 ἄλλον
849 1245 991 1297 χρόνον
1034 1246 1163 1297 ἠξίουν
1190 1250 1302 1297 δῆθεν
1327 1247 1464 1294 αὖτοὺς
1491 1251 1583 1288 κατὰ

223 1309 294 1359 τᾶς
320 1313 483 1358 παλαιὰς
510 1313 740 1351 Παυσανίου
779 1312 872 1360 μετὰ
899 1311 966 1349 τὸν
994 1315 1133 1362 Μῆδον
1178 1315 1343 1360 σπονδὰς
1382 1309 1584 1362 ἡσυχάζειν

224 1380 290 1417 καὶ
328 1375 388 1417 ὅτε
414 1378 572 1428 ὕστερον
598 1375 623 1414 ἃ
648 1379 720 1427 πρὸ
749 1379 816 1414 τοῦ
844 1376 1157 1425 περιτειχίζεσθαι
1194 1380 1413 1428 προειχοντο
1441 1376 1583 1427 αὐτοῖς,

227 1444 376 1489 κοινοὺς
403 1443 498 1483 εἶναι
524 1449 604 1483 κατ’
633 1445 768 1491 ἐκεῖνα,
796 1441 846 1487 ὧς
874 1443 943 1480 οὐκ
970 1444 1141 1490 ἐδέξαντο
1166 1467 1215 1474 -
1242 1442 1317 1483 κτὲ.

350 1547 490 1585 Relicta
524 1559 568 1584 ea
603 1558 712 1595 quam
755 1547 902 1596 pristini
930 1547 1070 1596 aliquot
1096 1547 1320 1596 interpretes
1346 1547 1484 1585 frustra
1510 1557 1579 1585 se-

224 1614 301 1649 cuti
335 1617 443 1649 erant
482 1613 690 1660 explicandi
725 1614 933 1659 rationem,
977 1614 1213 1650 recentiores
1240 1613 1433 1650 meliorem
1459 1614 1583 1650 conii-

225 1678 348 1716 ciendi
373 1680 470 1717 viam
506 1680 669 1729 ingressi
696 1683 793 1717 sunt.
846 1679 925 1717 Nec
964 1682 1085 1716 tamen
1121 1679 1292 1717 feliciter.
1345 1678 1583 1717 Heilmannus

222 1746 338 1794 igitur
364 1750 442 1782 tres
471 1746 708 1782 coniecturas
736 1746 950 1792 proposuit:
980 1749 1044 1781 aut
1071 1740 1122 1785 ὥς
1150 1739 1220 1778 οὐκ
1247 1742 1418 1786 ἐδέξαντο
1446 1746 1582 1794 legen-

223 1810 310 1848 dum
338 1814 399 1848 aut
425 1805 450 1848 ὰ*
477 1810 675 1848 delendum
704 1813 766 1847 aut
794 1805 873 1855 ὅτε,
919 1810 1018 1859 quod
1055 1810 1277 1859 expletivum
1302 1811 1376 1857 sit,
1420 1821 1584 1848 exaran-

222 1876 311 1913 dum
338 1886 437 1921 esse,
465 1886 487 1911 e
514 1876 649 1923 quibus
677 1876 882 1912 secundam
914 1876 1148 1912 temerariam
1175 1886 1273 1922 esse,
1299 1876 1463 1913 relicuas
1491 1876 1583 1913 duas

221 1951 362 1990 graeco
397 1942 563 1978 sermoni
603 1941 715 1989 plane
753 1941 961 1978 contrarias
993 1941 1117 1989 Poppo
1163 1939 1365 1984 iudicavit,
1411 1940 1471 1977 cui
1498 1950 1584 1990 ego,

222 2007 322 2055 quod
349 2007 396 2044 ad
422 2007 574 2054 primam
601 2008 755 2051 attinet,
794 2007 970 2043 assentiri
998 2017 1157 2054 nequeo.
1210 2006 1447 2055 Kruegerum
1474 2003 1582 2044 video

223 2071 270 2110 ad
295 2074 459 2121 priorem
485 2073 593 2110 istam
621 2071 828 2122 explicandi
854 2073 1037 2111 rationem
1071 2071 1239 2110 redisse:
1280 2081 1353 2120 quo
1398 2072 1480 2109 iure
1507 2081 1584 2110 non

220 2140 422 2187 perspicio.
480 2139 565 2182 Etsi,
596 2140 693 2176 enim
729 2140 975 2188 grammaticis
1003 2139 1152 2187 legibus
1180 2149 1256 2175 non
1281 2142 1468 2187 repugnat
1499 2138 1582 2175 talis

221 2203 466 2252 excipiendae
496 2214 587 2242 usus
615 2199 677 2239 ὅτε
704 2205 975 2243 coniunctionis
1009 2214 1078 2253 per
1105 2203 1259 2240 alteram
1286 2198 1350 2249 ὥς,
1378 2203 1583 2241 interiectis

222 2270 476 2319 compluribus
521 2272 785 2309 enuntiationis
822 2272 1019 2317 membris,
1062 2269 1239 2318 numquid
1282 2268 1377 2306 haec
1421 2268 1469 2306 de
1512 2279 1585 2317 qua

223 2337 344 2386 agitur
370 2337 557 2374 sententia
582 2336 714 2384 habet,
742 2335 844 2385 quod
871 2337 1089 2384 scriptorem
1116 2334 1435 2373 adcuratissimum
1461 2333 1584 2372 addu-

222 2414 311 2441 cere
336 2404 514 2452 potuerit‚
542 2407 583 2441 ut
609 2407 682 2442 tam
714 2406 885 2442 contorta
914 2406 1086 2441 uteretur
1112 2405 1310 2441 structura.
1363 2400 1465 2440 Talia
1482 2399 1582 2438 Thu-
