1766 2820
652 101 905 149 —1'7-

104 224 152 251 ne
179 213 261 260 quis
289 212 326 248 in
350 212 481 247 itinere
509 211 555 247 ad
581 212 753 258 templum
780 211 1060 258 interpelletur,
1099 210 1223 246 videat
1249 219 1297 246 ne
1322 211 1457 246 incon-

103 278 305 317 sideratius
333 276 370 314 id
397 287 503 325 quam
540 281 665 314 verius
711 276 857 313 dixerit.
925 276 1070 313 Etenim
1097 276 1131 313 si
1159 276 1217 312 cui
1243 275 1330 312 licet
1354 272 1459 310 θύειν

104 342 168 380 καί
191 334 443 390 μαντεύεσθαι
470 341 535 378 καί
558 344 724 390 θεωρεῖν,
753 353 878 380 nonne
907 343 942 379 ei
962 342 1059 378 ultro
1088 342 1179 378 licet
1200 341 1384 389 proficisci
1411 340 1458 376 ad

104 408 271 457 templa?
323 409 383 445 An
410 407 499 445 illud
526 408 607 445 sine
635 407 706 445 hoc
733 409 883 446 omnino
910 411 1036 458 potest
1062 408 1172 445 fieri?

236 474 311 511 Iam
338 473 437 511 cadit
463 474 739 512 fundamentum
758 474 928 521 Arnoldi‚
957 484 1066 523 quem
1087 474 1202 510 ceteri
1221 473 1303 510 fere
1331 483 1459 510 omnes

103 541 223 579 secuti
248 543 345 577 sunt.
400 539 494 585 Quid
534 540 678 589 igitur‘?
732 540 910 588 Equidem
946 551 1074 577 sanum
1110 550 1261 576 sensum
1307 550 1354 575 cx
1397 539 1463 575 καί

105 603 201 642 ἴέναι
227 605 384 642 vocibus
412 615 535 652 neque
562 616 781 653 quemquam
819 610 908 653 puto
945 616 1058 654 posse
1094 605 1315 651 enucleare,
1358 615 1458 653 quo-

104 671 201 707 niam
242 673 415 718 corrupta
450 671 565 707 verba
601 680 676 708 non
713 675 798 708 sunt
842 670 1062 718 explicanda
1111 670 1180 706 sed
1214 669 1458 707 emendanda.

104 736 234 783 ltaque
278 740 320 772 ut
363 747 481 773 meum
524 736 570 772 de
610 737 776 772 sananda
816 737 885 773 hac
912 736 1068 772 formula
1096 735 1268 773 iudicium
1295 735 1458 782 afferam,

108 801 297 849 abreptam
325 810 411 840 esse
436 799 522 837 mihi
548 810 765 848 persuasum
792 804 850 837 est
877 811 897 837 a
924 799 993 836 καί
1010 800 1190 848 particula
1208 800 1459 849 praecedente

105 867 193 901 καθ’
231 866 547 913 praepositionem
595 866 893 914 coniungendam
929 877 1011 903 eam
1052 867 1200 913 quidem
1243 877 1326 903 cum
1362 865 1459 902 ἰέναι

104 931 236 979 verbo,
263 932 312 968 ita
340 935 380 968 ut
407 931 515 968 talem
543 931 670 969 induat
695 931 849 968 formam
878 932 1103 968 enuntiatio:

257 1020 307 1026 —
334 994 440 1033 θύειν
466 997 547 1033 καί
573 995 808 1033 καθιέναι
835 997 900 1034 καί
922 995 1172 1043 μαντεύεσθαι
1203 995 1276 1035 κτέ.

233 1062 341 1107 Quod
369 1063 415 1099 ad
442 1060 611 1099 καθιέναι
654 1063 760 1100 verbi
804 1062 995 1101 notionem
1023 1063 1180 1110 attinet,
1221 1064 1258 1100 in
1286 1067 1459 1112 promptu

107 1132 195 1166 sunt
220 1128 359 1166 Similes
378 1128 487 1165 huius
515 1128 619 1165 verbi
638 1128 729 1165 hae:
758 1128 819 1175 VI,
839 1128 900 1171 16,
914 1130 947 1166 2.
975 1127 1072 1165 διότι
1098 1125 1247 1175 ἅρματα
1271 1129 1342 1175 μὲν
1369 1127 1461 1167 ἑπτὰ

105 1194 303 1241 καθῆκα.
357 1195 498 1231 Lucian
513 1194 620 1232 Alex.
649 1194 710 1241 Vl,
738 1193 798 1235 69.
827 1193 871 1232 οἱ
898 1193 1153 1237 καθιέντες
1179 1196 1251 1240 (sc.
1281 1191 1457 1241 ἑαυτούς)

110 1260 149 1303 ἐς
175 1257 265 1302 τοὺς
291 1257 447 1305 ἀγῶνας.
498 1260 592 1297 Xen.
611 1260 681 1299 An.
706 1261 766 1306 IV,
781 1261 817 1306 8,
833 1261 892 1299 27.
920 1260 1060 1297 πολλοί
1083 1259 1153 1307 γὰρ
1182 1261 1461 1308 κατέβησαν.

106 1324 216 1373 Soph.
243 1324 372 1362 Trach.
399 1325 487 1364 503.
533 1317 619 1362 Platss
645 1325 746 1374 legg.
774 1325 837 1371 111,
865 1322 942 1364 834
969 1336 1001 1361 c.
1052 1324 1099 1363 cf.
1126 1325 1215 1362 Lob.
1245 1325 1291 1363 ad
1320 1326 1456 1375 Phryn.

106 1402 141 1440 p.
169 1390 256 1432 398.
295 1391 452 1428 Thomas
479 1391 578 1441 Mag.
606 1402 641 1440 p.
668 1388 755 1430 815.

230 1457 342 1494 Vides
370 1468 478 1504 quam
504 1458 658 1505 pulchre
685 1457 878 1504 copulatae
904 1458 978 1494 sint
1003 1459 1198 1495 notiones:

235 1523 262 1561 1.
297 1518 363 1557 θύ
383 1535 398 1557 ε
419 1536 432 1557 ι
450 1535 470 1557 ν
504 1520 775 1572 (sacrificare).
848 1523 891 1560 ΙΙ.
920 1523 1245 1568 μαντεύεσθαι
1284 1522 1461 1573 (oracula

107 1581 339 1631 consulere).

236 1648 297 1685 111.
325 1660 346 1682 κ
364 1661 389 1682 α
405 1649 436 1683 θ
450 1661 464 1682 ι
481 1645 501 1683 ε’
518 1661 538 1683 ν
556 1662 580 1683 α
597 1663 610 1683 ι
646 1649 701 1691 (in
728 1652 916 1685 certamen
940 1649 1204 1695 descendere).
1260 1652 1318 1688 IV.
1343 1652 1461 1688 θεω-

109 1714 212 1757 ρεῖν
240 1708 366 1753 (ludos
391 1713 594 1757 spectatum
621 1710 704 1755 ire).

235 1769 408 1807 Ceterum
436 1770 482 1807 de
510 1770 686 1818 Olympiis
715 1770 762 1807 cf.
791 1771 905 1808 Thuc.
933 1772 978 1817 V,
1007 1771 1069 1812 49.

648 2143 717 2198 v,
751 2146 835 2199 20,
869 2146 911 2188 2.

230 2242 422 2281 Σκοπείτω
452 2243 494 2282 δέ
519 2259 576 2289 τις
602 2246 696 2282 κατὰ
722 2259 811 2289 τους
833 2243 998 2294 χρόνους
1026 2262 1087 2285 και
1119 2246 1173 2296 μὴ
1199 2249 1274 2286 τῶν
1300 2263 1463 2287 εκαστο-

102 2306 179 2354 χοῦ
203 2304 227 2356 ἢ
253 2302 449 2356 οἶοχόντων
475 2307 499 2357 ἢ
526 2306 598 2347 ἀπὸ
623 2312 733 2357 τιμῆς
759 2324 860 2354 τινος
886 2314 953 2360 τῆν
983 2307 1247 2361 ἀπαρίθμησιν
1271 2314 1348 2351 τῶν
1374 2313 1464 2352 ὀνο-

104 2387 237 2420 ματων
263 2371 302 2416 ἐς
328 2373 374 2409 τὰ
401 2362 695 2425 προγεγενημένα
723 2370 983 2424 σημαιιόντων
1010 2372 1215 2421 πιστεύσας
1241 2380 1400 2425 μᾶλλον.

1192 2451 1218 2490 2
