1766 2820
760 85 1019 125 ,24-

200 188 351 228 minime
379 198 466 227 esse
491 189 661 227 omnibus
689 190 857 228 numeris
886 190 1092 228 absolutam
1110 200 1233 239 neque
1261 191 1342 238 ipse
1361 193 1471 230 antea
1497 192 1575 230 non

201 265 396 294 senseram
424 259 462 293 et
488 255 686 305 praeclare
713 256 802 293 mihi
830 257 928 294 inter
957 256 1228 304 disputationes
1256 267 1346 295 sem.
1368 256 1460 307 Reg.
1484 255 1575 305 phil.

199 323 393 371 persuasit
416 321 670 370 Ritschelius‚
715 323 777 371 qui
804 322 977 371 quidem,
1018 333 1241 372 quamquam
1267 335 1326 361 me
1353 322 1513 362 delenda
1539 321 1579 366 ἐς

198 389 480 438 praepositione
507 388 676 427 nonnihil
702 389 913 438 profecisse
940 389 1128 437 laudavit,
1156 391 1311 441 negavit
1335 394 1481 437 tamen,
1516 392 1579 427 ta-

197 456 274 494 lem
302 456 424 504 qualis
453 455 690 493 emendando
720 459 824 493 ortus
852 457 901 493 sit
929 458 1179 494 accusativum
1204 467 1287 493 cum
1311 456 1375 493 inf.
1393 456 1429 493 h.
1443 456 1468 495 1.
1486 455 1579 493 ferri

198 531 333 571 posse:
360 522 554 572 fastigium
582 521 722 560 deinde
746 522 804 559 rei
831 523 1006 571 imposuit
1032 533 1078 560 eo
1108 521 1208 571 quod
1226 533 1295 571 pro
1324 520 1483 559 ἔσεσθαι
1508 520 1575 559 ius.

198 588 501 626 substituendam
529 598 617 626 esse
644 589 756 626 iussit
777 588 861 626 cod.
880 589 991 626 Vind.
1020 589 1243 637 scripturam
1271 585 1379 624 ἴστε
1407 588 1576 637 imperat.

208 676 259 682 -—
287 655 373 701 Quo
401 656 581 693 restituto
609 666 737 694 sanam
764 655 862 693 hanc
889 656 1114 704 scripturam
1141 655 1313 694 habebis:

332 744 382 749 —
420 716 464 769 ἧς
489 720 582 766 μιᾶς
611 719 698 769 πέρι
726 719 792 756 καί
829 720 922 767 μίαν
947 715 1096 768 βουλῆν
1134 719 1328 768 τυχοῦσάν
1365 733 1402 756 τε
1436 717 1501 756 καί
1523 717 1579 767 μὴ

202 780 509 836 κατορθώσασαν
538 783 628 823 ἴστε.

744 1161 838 1217 vl,
872 1163 958 1216 31,
993 1162 1033 1204 4.

331 1284 482 1333 Ξυνέβη
510 1285 553 1323 δὲ
581 1283 678 1334 πρός
704 1300 742 1322 τε
772 1284 875 1334 σφᾶς
902 1280 1041 1326 αὐτοὺς
1067 1281 1149 1331 ἅμα
1187 1280 1267 1327 ἔριν
1304 1281 1501 1331 γενέσθαι,
1548 1275 1578 1335 ᾧ

199 1369 257 1399 τις
284 1353 443 1395 ἕκαστος
471 1349 715 1401 προσετάχθη
742 1346 816 1388 κτὲ.

324 1450 599 1489 Animadvertit
623 1451 765 1499 primus
792 1450 1028 1500 Kruegerus‚
1055 1459 1134 1487 non
1161 1458 1282 1496 aequo
1309 1448 1391 1485 iure
1419 1447 1493 1485 dici
1519 1461 1578 1491 τις

197 1516 358 1561 ἕκαστος
391 1520 507 1565 atque
535 1515 698 1559 ἕκαστος
724 1529 808 1563 τιςς
847 1526 943 1565 quae
968 1525 1031 1553 res
1061 1525 1146 1552 eum
1172 1515 1313 1561 movit,
1352 1518 1393 1552 ut
1418 1513 1580 1557 ἕκαστος

201 1583 429 1622 vocabulum
456 1582 649 1632 glossema
690 1592 778 1620 esse
812 1583 1020 1621 coniiceret
1055 1580 1285 1628 adscriptum
1312 1580 1359 1617 ad
1387 1579 1581 1629 explican-

200 1650 288 1689 dum
313 1662 373 1693 τις
398 1658 621 1698 pronomen.
673 1647 750 1686 Sed
777 1649 863 1696 quis
891 1647 1131 1702 librariorum
1157 1651 1230 1685 tam
1259 1646 1396 1685 stultus*
1419 1645 1511 1693 suit,
1537 1648 1579 1684 ut

203 1731 262 1760 τις
286 1727 420 1755 vocem
445 1727 516 1766 per
543 1712 705 1757 ἕκαστος
734 1715 969 1753 illustraret?
1013 1714 1065 1752 At
1091 1714 1281 1752 lenissima
1308 1713 1515 1751 mutatione
1540 1711 1581 1750 id

200 1782 303 1833 quod
338 1783 460 1821 solum
486 1782 644 1820 tolerari
670 1784 819 1830 potest,
860 1791 1057 1831 possumus
1083 1781 1248 1830 assequi.
1301 1780 1426 1830 Lege:
1456 1771 1486 1831 ᾧ
1512 1773 1580 1821 εἷς

197 1850 406 1892 ἕκαστος
432 1844 690 1897 προσετάχθη.

749 2221 833 2277 vr,
867 2221 944 2277 61,
982 2221 1021 2265 1.

330 2322 413 2360 Καὶ
449 2322 578 2370 ἐπειδὴ
616 2320 658 2358 τὸ
698 2320 773 2357 τῶν
799 2317 952 2370 Ἑρμῶν
989 2316 1106 2371 ᾤοντο
1143 2319 1264 2369 σαφὲς
1302 2317 1431 2368 ἔχειν,
1476 2317 1577 2357 πολὺ

197 2391 244 2437 δὴ
271 2387 424 2437 μᾶλλον
452 2386 519 2424 καί
542 2389 588 2423 τᾶ
615 2383 809 2436 μυστικά,
846 2380 900 2426 ὧν
926 2383 1097 2429 ἐπαίτιος
1123 2380 1195 2435 ἦν,
1238 2386 1334 2433 μετὰ
1359 2385 1429 2423 τοῦ
1456 2383 1577 2423 aurosi
