1766 2820
796 374 861 426 v,
895 374 947 426 8,
982 373 1022 415 2.

365 507 413 546 Εἲ
437 506 506 556 γὰρ
537 505 662 550 δείξειε
689 510 767 548 τοῖς
794 505 975 548 ἐναντίοις
1002 501 1043 540 τό
1066 518 1102 540 τε
1130 503 1275 551 πλῆθος
1303 501 1449 550 καίτὴν
1477 499 1590 539 δ’πλι-

233 589 294 611 σιν
322 571 526 621 ἀναγκαίαν
554 565 672 608 οὖσαν
698 571 773 608 τῶν
799 573 886 618 μεθ’
914 566 1075 616 ἑαυτοῦ,
1122 566 1189 605 οὐκ
1225 565 1270 605 ἂν
1297 564 1417 617 ἡγεῖτο
1444 568 1592 614 μᾶλλον

234 639 494 687 περιγενέσθαι
523 634 545 684 ἦ
571 634 658 673 ἄνευ
688 633 887 682 προόψεώς
911 649 946 671 τε
973 633 1097 672 αὐτῶν
1122 636 1185 673 καί
1209 633 1262 682 μὴ
1288 631 1360 671 ἀπὸ
1389 636 1456 671 τοῦ
1485 629 1592 676 ὄντος

232 700 557 751 καταφρόνησεως.

355 824 456 860 Inter
484 834 527 860 ea
556 834 649 870 quae
679 836 698 859 a
723 823 912 870 prioribus
938 823 1197 870 interpretibus
1216 822 1361 871 prolata
1389 827 1474 859 sunt
1501 822 1590 858 illu-

231 890 406 926 strandae
434 890 544 925 huius
574 891 840 926 enuntiationis
874 890 1068 926 conamina
1095 890 1175 927 sola
1210 899 1293 926 meo
1320 887 1465 926 'iudicio
1494 889 1594 925 Porti

232 960 270 992 et
304 955 438 992 Baueri
484 955 595 1003 digna
635 959 720 992 sunt
757 966 853 1002 quae
892 956 928 991 in
966 955 1270 1002 disceptationem
1305 955 1466 991 veniant.
1522 955 1592 998 Qui

232 1022 378 1069 quidem
409 1023 500 1066 [sec.
530 1022 611 1058 mai.
639 1022 747 1068 Popp.
779 1021 853 1065 ed.]
883 1022 936 1058 sic
965 1023 1174 1058 universam
1203 1021 1421 1058 sententiam
1450 1020 1594 1057 consti-

232 1091 398 1124 tuerunt:
448 1089 503 1133 „si
539 1098 732 1123 numerum
767 1093 803 1123 et
840 1091 1060 1123 armaturam
1094 1097 1244 1123 suorum
1278 1086 1387 1122 vilem
1425 1086 1591 1123 hostibus

232 1153 458 1190 ostendisset
486 1152 662 1200 [ideoque
691 1154 728 1188 in
756 1156 1001 1200 contemptum
1030 1163 1158 1189 eorum
1186 1152 1365 1196 venisset]
1403 1151 1589 1188 difficilius

231 1230 274 1254 se
300 1219 479 1255 victorem
508 1218 591 1254 fore
619 1219 790 1265 sperabat
817 1230 922 1265 quam
950 1220 981 1253 si
1008 1228 1084 1255 non
1104 1220 1326 1264 conspectus
1356 1220 1456 1253 esset
1470 1227 1592 1264 neque

234 1289 386 1331 propter
414 1284 450 1320 id
479 1284 577 1332 quod
605 1289 705 1320 esset
741 1286 786 1327 (i.
822 1296 854 1320 e.
893 1288 1043 1331 propter
1080 1294 1161 1320 eam
1197 1294 1291 1330 quae
1325 1294 1368 1319 re
1401 1293 1491 1319 vera
1520 1283 1590 1319 sibi

234 1354 348 1395 esset,
376 1350 528 1385 militum
556 1351 775 1397 paucitatem
805 1354 841 1385 et
860 1351 968 1386 vilem
996 1347 1239 1397 armaturam)
1268 1349 1304 1384 in
1334 1348 1510 1393 [hostium
1531 1349 1593 1396 qui

233 1416 302 1451 hac
329 1425 371 1451 re
400 1416 646 1451 animosiores
676 1415 787 1451 futuri
822 1426 890 1451 seu
922 1416 1062 1451 animos
1100 1415 1279 1462 sumpturi
1316 1417 1458 1458 essent]
1496 1424 1594 1451 con-

235 1481 471 1528 temptionem
499 1480 699 1519 venisset.“

358 1546 412 1584 Ad
441 1557 549 1595 quam
577 1547 796 1600 sententiam
837 1546 1136 1594 consequendam
1176 1546 1415 1583 Heilmannus
1452 1550 1516 1582 aut
1540 1543 1594 1594 μὴ

233 1616 327 1660 part.
369 1617 522 1659 propter
565 1613 843 1649 antecedentem
879 1610 965 1648 ἄνευ
1001 1612 1234 1657 redundare,
1277 1614 1374 1649 sicut
1409 1612 1593 1649 interdum

233 1686 550 1725 supervacaneum
588 1683 717 1724 esset,
760 1682 820 1714 aut
846 1672 901 1725 μή
930 1670 1248 1725 καταφρονήσεως
1286 1678 1399 1714 verba
1427 1678 1471 1715 ab
1508 1673 1594 1716 ἄνευ

234 1744 497 1780 coniunctione
528 1744 692 1780 seiuncta
730 1745 898 1791 suppleto
926 1740 1123 1789 γενομένης
1149 1744 1343 1791 participio
1371 1754 1437 1789 per
1460 1754 1503 1781 se
1527 1755 1595 1781 ac-

235 1809 406 1855 cipienda
434 1819 518 1845 esse
546 1810 696 1856 putavit.

357 1875 472 1918 Quam
514 1878 634 1911 tamen
671 1875 877 1911 Heilmanni
919 1875 1180 1911 enodationem
1224 1874 1382 1911 feliciter
1418 1874 1595 1912 refutavit

234 1939 356 1987 Poppo
394 1951 518 1989 neque
544 1938 597 1988 μή
632 1945 726 1989 part.
764 1941 823 1977 hic
861 1940 1076 1977 redundare
1112 1950 1225 1988 posse
1260 1940 1469 1987 affirmans,
1511 1942 1595 1989 quia

235 2016 311 2041 non
327 2017 410 2041 cum
434 2007 613 2043 infinitivo
641 2007 708 2043 sed
737 2018 820 2043 cum
843 2007 1071 2043 substantivo
1089 2007 1230 2043 verbali
1247 2017 1291 2042 ea
1318 2008 1520 2044 coniuncta
1546 2009 1596 2044 sit

235 2082 357 2118 neque
383 2072 583 2119 γενομένης
610 2072 670 2110 vel
698 2068 815 2118 οἰῖσης
841 2073 1053 2121 genetivum
1082 2073 1260 2120 suppleri,
1290 2083 1372 2109 cum
1399 2074 1594 2122 genetivus

237 2137 427 2173 absolutus
468 2139 552 2174 sine
588 2149 633 2175 eo
674 2142 847 2175 constare
873 2139 976 2175 nullo
1014 2143 1122 2185 pacto
1151 2139 1289 2184 possit:
1326 2149 1398 2185 quo
1428 2139 1595 2185 accedat,

238 2207 279 2240 ut
306 2200 506 2251 προόψεως
542 2208 579 2240 et
612 2201 925 2252 καταφρονὴσεως
960 2205 1075 2242 subst.
1115 2215 1182 2252 per
1227 2201 1374 2240 τε-καί
1394 2205 1595 2253 particulas

237 2270 423 2316 aptissime
456 2280 628 2305 connexa
652 2271 737 2305 sint.
792 2270 928 2307 Similia
964 2272 1197 2307 recentiores
1232 2275 1437 2317 peccarunt
1474 2272 1596 2308 inter-

239 2339 363 2384 pretes
405 2336 515 2372 modo
552 2347 598 2372 ex
638 2335 708 2372 hac
746 2336 855 2373 modo
893 2348 939 2373 ex
981 2337 1040 2373 illa
1068 2342 1172 2384 parte
1198 2337 1447 2384 periculosum
1475 2337 1597 2375 locum

240 2402 425 2449 adgressi,
453 2413 538 2439 mox
566 2402 852 2451 intellegentes,
891 2415 910 2439 e
938 2404 1019 2440 sola
1056 2404 1292 2441 coniectandi
1319 2405 1465 2441 ratione
1492 2405 1597 2441 salu-
