1766 2820
782 144 1038 181 -1v-

229 255 331 300 nino
364 255 669 299 recentissimo
719 259 917 313 tempore
960 253 1260 312 praestiterint
1301 253 1387 297 viri
1420 252 1590 297 doctis-

229 343 325 385 simi
357 342 574 395 Haasius,
619 341 909 399 Kruegerus,
941 339 1218 393 UllrIchius,
1267 339 1363 393 alii,
1413 353 1590 397 quorum

229 427 353 471 illius
396 441 482 471 non
523 427 632 470 satis
677 426 878 470 admirari
918 440 1097 484 possum
1140 429 1310 469 acutam
1351 425 1395 469 in
1439 439 1590 469 emen-

231 512 377 556 dando
411 512 712 571 sagacitatem,
745 511 973 569 Kruegeri
1004 512 1048 554 in
1082 510 1368 554 enucleandis
1401 511 1585 554 rationi-

227 599 310 642 bus
362 598 653 656 grammaticis
703 598 969 655 singularem
1018 597 1305 641 eruditionem
1327 630 1338 651 ,
1385 596 1589 641 Ullrichii

228 683 421 742 denique
453 684 498 727 in
530 683 803 728 illustrandis
838 683 1070 727 sententiis
1105 682 1423 728 consideratam
1466 696 1589 727 men-

222 772 313 813 ‘tem
334 800 346 822 ,
396 769 558 812 subtile
598 767 823 812 iudicium:
882 773 927 810 at
967 768 1125 812 relicta
1169 772 1271 810 sunt
1318 782 1405 811 non
1450 783 1592 827 pauca

229 869 372 912 eaque
411 848 688 912 gravissima,
733 868 844 912 quae
886 859 961 896 aut
992 854 1276 912 interpretum
1316 854 1588 912 diligentiam

229 939 490 985 desiderent
523 944 598 983 aut
630 953 796 982 manum
831 939 1089 983 criticorum.

351 1026 506 1084 ltaque
540 1026 663 1084 quae
685 1024 786 1067 mihi
820 1039 879 1068 ex
913 1024 1191 1068 adcuratiore
1213 1025 1431 1083 praeclari
1463 1025 1589 1068 huius

229 1112 495 1156 monumenti
526 1111 728 1155 historici
760 1111 1024 1155 tractatione
1056 1109 1354 1155 redundarunt
1382 1110 1591 1155 emenda-

230 1198 403 1251 tiones,
445 1211 593 1241 earum
625 1198 814 1255 priorem
857 1202 1024 1255 partem
1057 1211 1137 1255 per
1168 1198 1281 1241 hanc
1313 1198 1591 1240 occasionem

231 1282 276 1326 in
310 1296 578 1326 communem
611 1284 734 1325 usum
768 1281 974 1326 conferre
1007 1281 1185 1340 placuit.
1281 1263 1285 1266 ⁵

357 1367 443 1410 Est
491 1373 635 1411 autem
685 1368 728 1411 ei
776 1368 847 1426 qui
897 1367 953 1410 ad
996 1366 1305 1425 Thucydidem
1353 1368 1590 1412 emendan-

229 1453 328 1497 dum
370 1453 555 1512 adgredi
603 1454 646 1497 in
694 1454 876 1497 animum
907 1453 1160 1507 induxerit,
1211 1459 1341 1498 antea
1388 1455 1586 1498 subeun-

230 1539 314 1583 dus
347 1539 475 1583 labor
505 1554 562 1584 ne
597 1539 737 1584 dicam
768 1539 966 1598 ingratus
1015 1545 1060 1583 at
1101 1539 1164 1583 ita
1207 1545 1349 1585 tamen
1397 1540 1435 1585 is
1470 1554 1590 1585 com-

229 1630 431 1684 paratus,
472 1630 520 1668 ut
561 1625 685 1669 initio
729 1630 852 1669 certe
894 1624 1116 1669 iuveniles
1159 1626 1430 1684 potissimum
1470 1627 1593 1671 vires

231 1711 366 1754 facile
411 1711 641 1754 deterrere
681 1711 835 1768 possit.
899 1710 1074 1754 Etenim
1115 1711 1363 1769 priusquam
1406 1712 1591 1754 animum

230 1810 494 1855 sensumque
527 1801 644 1839 tuum
678 1800 724 1841 et
756 1796 870 1839 omni
891 1795 1090 1840 codicum
1122 1810 1222 1856 ope,
1256 1795 1313 1840 ad
1334 1809 1443 1856 quos
1477 1796 1593 1856 apud

231 1883 344 1925 alios
377 1883 619 1941 scriptores
652 1882 870 1939 refugium
901 1882 946 1925 in
979 1881 1156 1935 „arduis
1181 1882 1349 1926 rebus‘·'v
1380 1896 1483 1926 esse
1516 1896 1594 1926 so-

230 1968 309 2024 let,
344 1981 662 2027 saepenumero
693 1967 825 2028 plane
852 1968 1107 2012 destitutum
1135 1968 1454 2028 artissimisque
1476 1969 1595 2013 ‘con-

228 2054 426 2111 iectandi
469 2054 676 2097 limitibus
730 2055 969 2098 coercitum
1011 2054 1344 2099 adcommodare
1386 2054 1595 2098 didiceris

231 2139 288 2182 ad
320 2140 457 2198 ipsam
489 2141 791 2199 propriamque
825 2141 1053 2199 scriptoris
1096 2145 1283 2184 mentem
1315 2142 1595 2200 naturamque

234 2232 280 2270 et
313 2231 464 2281 artem,
497 2227 741 2286 praeterire
781 2226 958 2271 videbis
991 2226 1108 2270 haud
1147 2227 1209 2270 ita
1249 2226 1390 2271 breve
1424 2232 1596 2286 tempo-

234 2313 295 2356 ris
330 2314 530 2372 spatium,
562 2328 644 2372 per
677 2313 794 2372 quod
822 2313 1001 2357 assidua
1034 2328 1145 2372 opus
1175 2314 1232 2356 sit
1249 2313 1481 2371 diligentia
1512 2327 1598 2358 nec

234 2413 373 2457 parva
414 2399 751 2454 exercitatione,
807 2405 855 2443 ut
906 2399 1119 2444 eruditam
1166 2399 1378 2459 quandam
1421 2399 1597 2444 nancis-
