1766 2820
739 86 995 125 -21-

766 355 839 410 v,
878 356 978 400 110.

323 476 406 514 Καὶ
430 476 466 514 εἰ
489 477 599 515 τοῦδε
628 476 860 528 σφάλλοιντο
876 506 886 526 ,
930 477 1124 526 τράποιντ’
1150 472 1199 515 (ἲν
1232 477 1299 515 καί
1323 478 1362 521 ἐς
1389 478 1458 527 τῆν
1483 475 1555 527 γῆν

190 544 299 593 ὑμῶν
326 543 392 582 καί
417 545 483 583 ἐπὶ
505 545 595 587 τοῦς
626 544 783 587 λοιπούς
810 544 885 580 τῶν
907 543 1127 592 ξυμμάχων,
1156 541 1273 588 ὅσους
1290 542 1344 592 μὴ
1363 544 1561 591 Βρασίδας

187 611 369 659 ἐπῆλθεν·
416 610 481 649 καί
519 608 564 649 οὗ
603 606 691 658 περὶ
726 610 791 657 τῆς
832 607 886 658 μὴ
923 607 1194 658 προσηκούσης
1232 610 1382 658 μᾶλλον
1430 602 1451 657 ἦ
1488 607 1556 656 τῆς

186 675 415 725 οἰκειοτέρας
442 676 679 724 ξυμμαχιῖῖος
705 690 743 712 τε
767 675 833 713 καί
856 677 924 725 γῆς
951 672 970 712 ὃ
1001 673 1115 718 πόνος
1140 673 1231 721 ὑμῖν
1259 674 1377 713 ἔσται.

335 790 607 826 Postremarum
650 799 785 826 vocum
833 792 999 837 apertum
1038 789 1165 827 vitium
1208 799 1406 826 removere
1455 787 1557 826 multi

188 855 335 904 quidem
379 858 465 892 sunt
505 855 629 892 conati
651 882 662 901 ‚
708 865 817 892 nemo
863 855 1059 903 quidquam
1083 855 1293 902 profecisse
1332 854 1419 891 mihi
1447 854 1557 891 vide-

186 928 257 961 tur.
328 921 421 959 Nam
464 921 563 969 quod
602 921 758 959 Haasius
798 919 974 972 [lucubrr.
1008 920 1146 958 Thucc.
1182 932 1216 969 p.
1254 921 1305 961 90
1332 922 1428 969 sqq]
1475 931 1558 958 cum

190 987 413 1026 confidentia
446 988 603 1036 quadam
637 989 789 1034 statuit,
831 988 968 1024 nullam
995 988 1102 1024 aliam
1138 989 1209 1024 nisi
1246 988 1341 1024 hanc
1376 988 1554 1024 enuntia-

184 1056 297 1093 tionis
337 1055 501 1103 speciem
538 1065 559 1091 e
598 1065 710 1090 manu
750 1055 945 1103 scriptoris
984 1053 1188 1101 profectam
1218 1064 1324 1099 esse3
1364 1074 1410 1080 —
1439 1048 1462 1101 ἢ
1489 1053 1556 1101 τῆς

186 1118 417 1167 οἰκειοτέρας
456 1118 706 1167 ξυμμαχίας
732 1133 778 1156 τε
806 1117 871 1156 καί
895 1120 966 1167 γῆς
1006 1115 1025 1155 ὃ
1055 1118 1171 1163 πόνος
1200 1116 1289 1165 ὗμῖν
1315 1118 1443 1165 ἔσται,
1484 1130 1557 1156 ve-

185 1185 380 1223 hementer
425 1197 508 1223 eum
553 1197 703 1223 errasse
748 1186 878 1224 eadem
919 1197 1002 1223 cum
1030 1185 1254 1223 confidentia
1282 1186 1553 1223 affirmaverim.

186 1253 348 1289 Primum
377 1253 474 1289 enim
500 1252 648 1289 facilius
674 1253 842 1299 potuisse
871 1253 963 1291 oriri
1000 1264 1048 1290 ex
1089 1250 1324 1298 ξυμμαχίὸος
1352 1252 1426 1289 adi.
1455 1253 1555 1298 ξυμ-

186 1316 328 1365 μαχίας
356 1329 464 1366 quam
492 1318 582 1373 illud
611 1328 659 1355 ex
685 1318 784 1365 hoc,
826 1329 935 1357 nemo
964 1329 1041 1357 non
1068 1317 1170 1356 videt
1180 1331 1190 1365 ;
1232 1321 1309 1355 tum
1345 1328 1438 1356 vero
1467 1318 1554 1356 ideo

183 1386 340 1422 maxime
368 1385 496 1423 Haasii
533 1386 753 1422 coniectura
781 1385 997 1433 spernenda
1025 1389 1103 1432 est,
1143 1384 1244 1434 quod
1272 1384 1307 1421 h.
1326 1385 1351 1422 l.
1379 1384 1427 1422 de
1455 1384 1555 1422 nulla

187 1452 370 1489 societate
396 1452 518 1501 agitur
538 1452 606 1489 sed
639 1451 687 1488 de
714 1452 798 1488 solo
818 1462 911 1501 agro
936 1455 974 1488 et
989 1451 1275 1489 Atheniensium
1290 1450 1341 1488 vet
1356 1451 1558 1498 sociorum,

183 1519 219 1556 id
248 1519 346 1568 quod
374 1531 422 1556 ex
448 1517 694 1556 antecedente
721 1520 907 1556 sententia
936 1519 1144 1556 clarissime
1171 1518 1305 1558 elucet.

312 1585 431 1633 Magis
467 1586 674 1632 speciosam
715 1586 787 1622 iam
830 1589 940 1622 antea
965 1586 1091 1633 Poppo
1131 1585 1344 1632 protulerat
1370 1585 1554 1622 rationem

185 1652 224 1689 in
250 1652 320 1701 γῆς
346 1651 530 1689 vocabulo
558 1651 676 1689 latere
704 1652 919 1701 suspicatus
947 1650 1072 1698 ἰδίας,
1099 1651 1330 1700 probabilem
1358 1662 1438 1688 eam
1465 1652 1555 1700 qui-

186 1718 283 1764 dem,
311 1722 486 1766 quantum
515 1717 561 1754 ad
587 1719 833 1764 sententiam,
861 1719 981 1755 minus
1009 1721 1151 1765 tamen,
1188 1721 1366 1766 quantum
1392 1717 1439 1754 ad
1465 1717 1556 1754 lite-

184 1795 313 1821 rarum
340 1784 638 1831 similitudinem,
684 1795 782 1833 quae
827 1785 925 1821 inter
951 1787 1147 1832 utramque
1172 1793 1303 1821 vocem
1329 1781 1554 1821 intercedit:

184 1852 322 1899 quippe
346 1860 414 1899 per
442 1850 701 1899 compendium
728 1850 885 1898 scriptas
914 1861 991 1888 non
1013 1849 1213 1888 dissimiles
1231 1850 1350 1887 fuisse
1377 1860 1454 1897 eas,
1482 1849 1553 1887 sibi

187 1918 257 1965 ipsi
283 1918 473 1965 persuasit
499 1917 623 1965 Poppo
648 1927 720 1953 nec
747 1921 869 1953 tamen
888 1907 1063 1964 'Haasio‚⁷
1092 1918 1154 1954 cui
1182 1920 1314 1954 contra
1341 1916 1556 1965 persuasis-

184 1985 314 2021 simum
342 1987 413 2030 est,
440 1984 625 2020 neminem
653 1984 704 2020 ita
732 1983 912 2031 iudicare,
938 1984 1000 2032 qui
1027 1994 1139 2021 mscc.
1169 1984 1400 2020 tractaverit.

311 2050 442 2099 Neque
469 2050 555 2088 ideo
583 2054 668 2098 post
694 2049 763 2087 hos
803 2051 1048 2099 interpretum
1083 2061 1235 2088 errores
1277 2049 1555 2098 desperandum

184 2120 243 2155 est
284 2116 331 2153 de
371 2118 582 2164 scripturae
625 2117 716 2153 vitio
745 2115 936 2153 tollendo:
980 2117 1054 2153 imo
1099 2126 1191 2153 vero
1230 2117 1267 2152 in
1299 2119 1471 2164 promptu
1498 2119 1557 2152 est

188 2183 452 2230 corrumpendi
480 2184 613 2232 origo:
659 2193 791 2230 nempe
838 2193 928 2219 casu
965 2182 1123 2230 quodam
1149 2181 1213 2220 καί
1236 2183 1303 2230 γῆς
1331 2181 1444 2219 verba
1474 2185 1556 2219 orta

186 2253 276 2287 sunt
303 2260 351 2286 ex
377 2248 510 2295 καινῆς
537 2247 736 2295 adiectivo‚
762 2252 958 2297 postquam
985 2248 1174 2286 intercidit
1200 2249 1298 2284 inter
1337 2260 1383 2283 τε
1417 2247 1556 2293 καινῆς

188 2326 304 2354 voces
332 2315 373 2353 ἐκ
400 2316 643 2364 praepositio.

315 2383 441 2420 Habes
487 2384 558 2419 iam
598 2393 734 2420 novam
775 2383 959 2419 enuntiati
1000 2385 1171 2427 vestem,
1213 2391 1286 2429 qua
1320 2380 1478 2427 >quidem
1519 2378 1553 2415 si
