1766 2820
696 111 946 149 „11-

150 213 362 258 contiueat,
404 213 442 249 id
483 214 528 249 ab
566 223 634 249 usu
671 213 819 261 linguae
847 223 1007 261 graecae
1034 213 1181 248 minime
1209 223 1294 248 esse
1318 207 1499 257 alienum,

146 278 365 327 amplissime
394 277 502 315 docet
528 279 743 327 Kruegerus
770 288 826 327 gr.
856 288 911 326 gr.
940 283 974 321 ς.
1003 276 1067 321 59,
1097 277 1131 323 2,
1160 281 1237 313 not.
1260 277 1295 315 3.

681 645 770 699 111,
805 646 887 698 4ο,
925 646 961 687 1.

274 763 422 805 Οὔκουν
450 767 509 802 δεῖ
531 769 725 815 προθεῖναι
752 766 885 804 ἐλπίδα
906 761 989 803 οὔτε
1019 765 1115 817 λόγῳ
1136 764 1271 812 πιστὴν
1300 760 1382 802 οὔτε
1398 762 1497 813 χρή-

142 846 259 879 μασιν
286 829 430 880 ὦνὴτην
457 829 507 876 ὡς
534 831 749 880 ξυγγνώμην
776 831 955 881 ἁμαρτεῖν
982 830 1226 881 ἀνθρωπύ’ως
1255 828 1453 879 λήψονται.

347 916 569 961 προσθεῖναι
599 913 697 961 volg.
725 934 774 939 —
802 914 998 960 προθεῖναι
1024 912 1124 949 Cass.
1154 913 1224 949 Pal.

273 1000 399 1037 Omnis
444 999 551 1036 huius
593 1000 773 1035 enuntiati
809 997 1075 1045 interpetrandi
1109 999 1204 1034 ratio
1241 998 1347 1035 valde
1384 999 1496 1034 timeo

142 1076 190 1101 ne
216 1064 353 1102 frustra
379 1065 440 1101 sit.
469 1085 518 1093 --
545 1064 600 1101 Ac
626 1067 781 1112 primum
809 1063 957 1112 quidem
982 1062 1082 1111 quod
1102 1063 1147 1100 ad
1174 1061 1309 1109 πιστήν
1334 1066 1370 1099 et
1397 1060 1498 1110 ὠνὴ-

141 1144 208 1177 την
235 1130 414 1167 voeabula
459 1131 614 1175 attinet,
652 1131 767 1166 miror
808 1130 977 1177 equidem
1006 1140 1026 1165 a
1054 1129 1239 1165 nonnullis
1266 1140 1310 1165 ea
1338 1140 1423 1165 esse
1452 1128 1497 1165 ad

143 1191 359 1242 ξυγγνώμην
386 1194 499 1232 subst.
523 1195 655 1241 relata,
683 1196 778 1231 inter
806 1205 898 1241 quos
928 1195 1037 1230 etiam
1055 1194 1294 1229 Heilmannus
1322 1198 1359 1229 et
1373 1194 1496 1229 Krue-

141 1270 275 1308 gerus:
304 1270 377 1308 quo
406 1262 486 1298 iure
513 1261 583 1308 ipsi
610 1261 780 1297 viderint.
845 1260 987 1297 Deinde
1031 1270 1122 1296 vero
1160 1260 1328 1307 quaestio
1357 1258 1492 1296 diffici-

141 1324 215 1361 lior
243 1326 374 1371 oritur,
403 1325 489 1373 quid
517 1325 586 1361 sibi
614 1326 703 1361 velit
730 1322 864 1369 πιστὴν
891 1326 992 1362 vox?
1047 1326 1163 1361 Hobb.
1201 1336 1356 1371 eumque
1383 1336 1495 1361 secu-

141 1394 202 1428 tus
230 1390 386 1428 Haasius
413 1391 509 1428 hanc
536 1401 666 1428 vocem
705 1389 969 1428 reddiderunt:
1007 1390 1325 1439 „impetrabilem“.
1380 1390 1496 1427 Recte

141 1453 179 1491 id
207 1454 364 1503 quidem,
389 1457 422 1492 si
449 1456 494 1492 ad
518 1458 782 1493 sententiarum
809 1467 967 1502 nexum,
1012 1467 1087 1493 non
1115 1458 1221 1501 item,
1257 1458 1289 1493 si
1317 1457 1362 1493 ad
1390 1457 1494 1493 vocis

141 1524 360 1567 potestatem
392 1524 549 1569 spectes.
615 1523 719 1567 Quae
757 1533 821 1559 res
856 1522 1086 1571 Kruegerum
1121 1522 1297 1570 adegisse
1330 1521 1493 1567 videtur,

140 1590 180 1623 ut
234 1597 303 1633 pro
349 1586 483 1634 πιστὴν
521 1588 704 1625 vocabulo
755 1585 937 1634 ποριστὴν
981 1589 1041 1624 vel
1087 1584 1243 1634 ἐφικτήν
1286 1587 1488 1636 legendum

140 1661 227 1689 esse
270 1656 517 1699 proponeret:
562 1656 601 1689 ut
634 1663 703 1699 per
730 1663 772 1690 se
799 1654 936 1700 cuique
961 1652 1141 1700 adparet,
1185 1653 1348 1689 obscuro
1377 1653 1494 1700 magis

138 1727 255 1756 sensu
282 1728 389 1766 quam
413 1721 516 1756 certa
543 1717 679 1755 ductus
706 1719 854 1757 ratione
871 1747 881 1765 ,
925 1719 994 1757 etsi
1029 1722 1067 1755 et
1094 1728 1165 1766 ego
1194 1717 1303 1756 facile
1330 1727 1494 1755 conces-

137 1784 265 1830 serim,
291 1783 464 1822 mendum
489 1784 606 1836 latere
634 1784 671 1821 in
699 1781 834 1829 πιστήν
869 1795 963 1821 voce
990 1784 1058 1822 sed
1084 1785 1218 1822 minus.
1271 1783 1371 1832 Lege
1397 1784 1494 1821 enim

136 1858 208 1896 pro
242 1845 378 1897 πιστὴν
414 1848 596 1887 adiectivo
620 1844 796 1894 οἰστήν
823 1849 1045 1887 adiectivum
1083 1849 1233 1887 verbale
1251 1877 1264 1893 ,
1305 1849 1417 1896 quale
1454 1852 1493 1885 et

139 1914 324 1952 sententia
351 1914 540 1953 desiderat
567 1919 604 1951 et
630 1916 863 1963 grammatica
890 1916 998 1954 ratio.
1033 1915 1087 1953 En
1116 1915 1228 1963 igitur
1255 1915 1347 1953 haec
1375 1924 1494 1952 enun—

138 1979 303 2019 tiationis
345 1979 463 2019 forma
504 1980 616 2016 latine
660 1981 829 2018 reddita:
893 1981 997 2028 „Non
1032 1985 1180 2028 oportet
1225 1981 1338 2029 igitur
1382 1980 1492 2017 ullam

137 2045 197 2083 eis
222 2054 324 2091 spem
363 2055 578 2093 proponere
612 2050 675 2082 aut
701 2047 937 2094 eloquentiae
966 2048 1003 2083 vi
1045 2046 1309 2093 impetrabilem
1336 2049 1400 2082 aut
1426 2056 1492 2082 ar..

136 2112 253 2159 gento
289 2109 479 2157 venalem,
523 2110 607 2148 fore
646 2115 686 2148 ut
713 2111 817 2158 quasi
844 2111 1050 2149 humanitus
1077 2111 1278 2158 peccarint,
1305 2111 1491 2158 accipiant

139 2174 320 2215 veniam‚“

266 2241 400 2290 Vides,
437 2253 544 2291 quam
578 2244 675 2283 bene
716 2244 787 2282 sibi
821 2244 1075 2292 respondeant
1108 2241 1241 2291 οἰστὴν
1281 2246 1318 2279 et
1345 2234 1489 2289 αῗνὴτην

136 2308 333 2354 notionem
377 2309 482 2347 vides
507 2310 617 2348 etiam
643 2312 681 2347 in
708 2312 755 2348 iis
781 2321 879 2358 quae
906 2311 1131 2348 antecedunt
1159 2320 1235 2347 non
1261 2320 1348 2347 esse
1376 2314 1489 2347 tuen-

135 2371 220 2412 dam
247 2372 347 2422 volg.
387 2374 607 2423 scripturam
652 2375 873 2422 προσθεῖναι
906 2376 974 2413 sed
1009 2374 1223 2421 προθτῖμαιε
1267 2378 1326 2412 est
1365 2378 1489 2411 autem
