1766 2820
756 106 1014 147 -25-

199 222 282 255 μεν,
309 209 364 258 μὴ
391 206 510 255 ἆὸεεῖς
539 203 633 246 εἶναι
660 208 889 259 κινδυνεύειν,
916 207 1128 261 ἀμφότεροι
1158 207 1430 259 ἀναγκάζονται
1456 209 1475 250 ὅ
1503 212 1576 259 μὲν

200 267 302 309 ἄκων
331 280 554 325 σωφρονεῖν,
585 273 604 313 ὃ
632 273 923 324 δ’ἆπραγμόνως
950 275 1153 323 σώζεσθαι.

334 341 435 378 Inter
463 352 531 378 eos
556 342 621 390 qui
650 342 748 393 volg.
769 343 995 391 scripturae:
1020 343 1074 389 μὴ
1103 338 1221 385 ἀδεεῖς
1246 336 1341 378 εἶναι
1360 341 1574 381 κινδινεύειν

195 407 458 445 defendendae
486 418 603 446 causa
628 409 725 446 hanc
760 410 983 448 sententiam
1011 408 1269 457 illustrarunt,
1310 410 1416 449 solus
1443 410 1571 447 nomi-

194 473 341 510 nandus
379 478 437 511 est
471 474 659 521 Bauerus,
701 475 763 524 qui
794 474 895 512 haud
931 475 1042 524 plane
1079 475 1327 523 spernendam
1362 473 1572 524 explicandi

192 540 376 577 rationem
404 541 527 579 attulit
554 540 669 578 hanc:
710 541 801 590 „hos
838 545 960 580 autem
997 542 1035 579 in
1070 542 1279 591 periculum
1315 545 1498 581 venturos
1521 551 1572 581 ne

196 617 273 642 non
301 610 437 643 vacent
464 607 600 644 timore
627 619 672 644 ac
699 611 847 644 terrore
875 619 896 644 a
931 606 1081 655 vobis“‚
1118 608 1174 655 sic
1210 608 1362 657 quidem
1397 612 1439 645 ut
1472 618 1571 658 pen-

196 671 347 710 dentem
365 672 509 710 faceret
525 671 581 723 μῆ
609 668 727 717 ἀδεεῖς
754 669 850 711 εἶναι
877 673 941 712 inf.
970 673 1015 712 ab
1031 674 1152 712 altero
1172 671 1398 712 κινδινεύειν.
1436 673 1572 720 Quam-

194 750 302 787 quam
327 739 422 776 haec
449 743 642 776 structura
670 740 742 776 dici
779 751 857 777 non
894 745 1022 788 potest
1061 751 1168 789 quam
1205 739 1299 777 dura
1334 744 1372 777 et
1399 744 1571 779 contorta

192 806 250 845 sit.
307 804 379 855 „At
406 816 483 844 non
511 808 712 856 repugnat,
742 804 878 843 dixerit
903 805 1070 844 fortasse
1099 806 1245 857 aliquis,
1273 806 1422 857 legibus
1440 817 1572 858 gram-

194 873 391 911 maticis?“
445 873 529 910 Non
566 876 752 923 repugnat
779 872 928 922 quidem
954 885 999 911 ea
1033 873 1180 923 legibus
1208 874 1473 923 grammaticis,
1501 873 1569 912 sed

192 941 380 989 repugnat
415 938 565 989 legibus
602 938 780 977 adcurate
823 939 1014 989 cogitandi
1053 939 1323 990 eleganterque
1362 939 1567 987 scribendi,

193 1009 382 1055 repugnat
408 1006 503 1043 mori
530 1004 791 1054 Thucydideo,
816 1006 878 1054 qui
906 1005 1117 1043 distinctam
1150 1006 1372 1044 brevitatem
1397 1006 1565 1056 praefert

189 1071 393 1121 languidae
422 1071 653 1109 verbositati.

318 1139 448 1187 ltaque
475 1138 586 1177 nobis
615 1148 693 1176 non
719 1138 791 1175 iam
818 1148 881 1175 res
909 1141 967 1175 est
988 1148 1072 1175 cum
1093 1137 1377 1186 interpretibus,
1404 1141 1463 1176 est
1481 1149 1566 1176 cum

191 1205 343 1244 criticis.
386 1205 559 1242 Dobreus
579 1206 694 1254 igitur
720 1215 788 1252 pro
816 1203 938 1247 α’ὃεεῖς
952 1215 1064 1241 masc.
1087 1204 1273 1241 substituit
1286 1202 1393 1247 ἀδεές
1421 1209 1542 1243 neutr.
1555 1218 1568 1252 ;

192 1272 328 1310 collata
357 1272 470 1309 simili
497 1275 685 1309 structura
723 1282 779 1319 ap.
817 1271 1006 1309 Demosth.
1040 1282 1110 1319 pro
1138 1270 1275 1322 Megal.
1311 1282 1345 1320 p.
1381 1271 1480 1319 207,
1515 1271 1567 1313 22

189 1338 298 1389 (ἢ)
340 1335 385 1373 οὐ
424 1337 496 1386 γὰρ
541 1334 647 1381 ἀδεὲς
688 1338 801 1374 τοῦτο
838 1334 1097 1385 ὗπολαμβάνω
1124 1338 1172 1388 τῇ
1199 1336 1336 1385 πόλει,
1385 1340 1436 1376 ita
1472 1349 1568 1377 sen—

191 1406 343 1443 tentiam
370 1409 543 1442 vertens:
586 1403 693 1453 „huic
728 1407 849 1441 autem
878 1404 934 1447 [in
969 1407 1140 1451 promptu
1177 1404 1225 1441 sit
1252 1407 1489 1453 exspectare]
1516 1408 1570 1452 ut,

192 1473 224 1509 si
252 1472 480 1518 venerimus,
513 1470 726 1520 periculum
762 1471 823 1517 sit,
860 1481 908 1507 ne
942 1469 980 1507 id
1014 1470 1085 1508 sibi
1120 1470 1168 1507 sit
1204 1469 1470 1508 formidabile.“
1525 1471 1567 1509 In

194 1550 269 1587 qua
304 1539 445 1576 Dobrei
483 1539 632 1575 ratione
671 1536 868 1575 Goellerus
908 1537 991 1573 iure
1028 1536 1235 1574 desiderat:
1263 1536 1318 1584 μὴ
1356 1532 1425 1574 οὒκ
1461 1534 1568 1581 ἀδεὲς

190 1598 215 1653 ἦ
243 1604 419 1641 m'vdvvov
443 1597 550 1640 εἶναι.
607 1603 781 1640 Concidit
809 1613 902 1651 ergo
929 1601 1072 1639 Dobrei
1099 1604 1327 1642 coniectura.

292 1670 368 1707 Iam
409 1671 603 1718 quaeritur
637 1670 675 1706 in
695 1679 871 1725 ‘quonam
897 1669 1081 1707 vocabulo
1116 1670 1206 1707 insit
1242 1670 1398 1707 vitium?
1453 1669 1565 1715 Quod

188 1736 281 1774 nihil
307 1735 406 1773 aliud
434 1745 520 1773 esse
543 1736 615 1772 nisi
642 1729 739 1770 εἶναι
757 1735 912 1772 verbum
930 1746 1030 1772 nunc
1050 1734 1148 1783 apud
1166 1746 1225 1773 me
1245 1738 1400 1773 constat.
1457 1736 1568 1783 Quid,

190 1804 222 1840 si
251 1803 529 1851 comparaveris
557 1795 653 1837 εἶναι
680 1804 718 1838 et
745 1800 821 1837 δεῖν
847 1800 991 1839 verba?
1032 1801 1166 1838 Nonne
1193 1801 1358 1839 fortasse
1385 1802 1568 1850 quaedam

189 1867 389 1906 similitudo
418 1870 518 1905 inter
547 1879 591 1905 ea
616 1869 844 1914 intercessit,
871 1869 904 1905 si
933 1869 1148 1915 respexeris
1166 1869 1446 1906 usitatissimum
1472 1867 1565 1905 illud

190 1945 313 1986 genus
341 1934 532 1972 scribendi
558 1944 628 1983 per
665 1932 953 1982 compendium?
977 1954 1029 1962 -—
1056 1933 1197 1978 Quodsi
1223 1920 1462 1971 substitueris
1490 1933 1567 1971 δεῖν

188 2002 296 2049 illud,
325 2013 402 2039 non
429 2003 501 2039 iam
528 2006 565 2039 te
594 2001 714 2050 fugiet
741 2002 859 2038 altera
889 2001 1102 2049 corruptela
1129 2000 1289 2038 subinde
1317 2005 1405 2038 nata
1427 1996 1561 2048 ἀδεεῖς,

187 2079 257 2118 pro
286 2079 362 2116 quo
391 2068 609 2105 accusativo
629 2067 861 2104 exarandum
882 2071 939 2104 est
966 2063 1086 2109 ἀδεῶς
1106 2066 1338 2115 adverbium,
1368 2077 1463 2115 quae
1481 2066 1564 2104 fere

190 2135 294 2173 nulla
333 2140 391 2173 est
419 2135 660 2172 commutatio
697 2133 902 2172 literarum.
931 2153 981 2162 -
1014 2134 1095 2178 Quo
1136 2133 1236 2171 facto
1262 2134 1336 2172 tale
1375 2133 1415 2171 fit
1442 2125 1566 2172 enun-

189 2203 332 2239 tiatum:

317 2291 367 2296 —
395 2268 449 2321 τῷ
477 2267 532 2315 δέ,
559 2268 594 2307 εἷ
619 2263 767 2316 ἥξομεν,
793 2269 849 2317 μὴ
876 2261 1009 2305 aereos
1029 2280 1048 2311 ς
1075 2268 1181 2306 δεῖν
1208 2262 1434 2305 κινδινεύειν.

312 2357 365 2366 —-
390 2336 482 2374 huic
518 2339 641 2373 autem
685 2333 789 2385 [licet
814 2333 1071 2386 exspectan-eL
1099 2339 1155 2384 ut,
1179 2335 1213 2374 si
1230 2335 1460 2382 venerimus,
1487 2344 1564 2374 non

186 2404 271 2442 sine
299 2413 390 2442 cura
416 2406 606 2441 certamen
633 2403 763 2441 subire
790 2402 935 2441 debeat.
